datetime,KQ.m@SHFE.rb.last_price,KQ.m@SHFE.rb.highest,KQ.m@SHFE.rb.lowest,KQ.m@SHFE.rb.bid_price1,KQ.m@SHFE.rb.bid_volume1,KQ.m@SHFE.rb.ask_price1,KQ.m@SHFE.rb.ask_volume1,KQ.m@SHFE.rb.volume,KQ.m@SHFE.rb.amount,KQ.m@SHFE.rb.open_interest
2020-03-13 09:00:00.575002000,3497.0,3497.0,3494.0,3495.0,65,3497.0,47,6182,216003690.0,1393783
2020-03-13 09:00:01.075000000,3494.0,3498.0,3493.0,3494.0,482,3495.0,9,9639,336853220.0,1393383
2020-03-13 09:00:01.575000000,3496.0,3498.0,3493.0,3496.0,9,3497.0,182,12418,433974740.0,1392935
2020-03-13 09:00:02.075000000,3496.0,3498.0,3492.0,3495.0,455,3496.0,644,14511,507116350.0,1392929
2020-03-13 09:00:02.574000000,3494.0,3498.0,3492.0,3492.0,140,3494.0,9,16777,586299990.0,1393198
2020-03-13 09:00:03.075000000,3494.0,3498.0,3492.0,3492.0,240,3494.0,482,17655,616972200.0,1393441
2020-03-13 09:00:03.575000000,3494.0,3498.0,3492.0,3492.0,93,3494.0,555,18317,640097780.0,1393024
2020-03-13 09:00:04.075000000,3495.0,3498.0,3491.0,3494.0,35,3495.0,926,19354,676324240.0,1392567
2020-03-13 09:00:04.575000000,3492.0,3498.0,3491.0,3492.0,32,3493.0,65,19973,697946830.0,1392544
2020-03-13 09:00:05.075000000,3492.0,3498.0,3491.0,3491.0,492,3492.0,343,21112,737726850.0,1391916
2020-03-13 09:00:05.574000000,3492.0,3498.0,3491.0,3492.0,5,3493.0,18,22511,786590760.0,1391037
2020-03-13 09:00:06.072000000,3493.0,3498.0,3491.0,3493.0,554,3494.0,1,23268,813034620.0,1391083
2020-03-13 09:00:06.575000000,3494.0,3498.0,3491.0,3494.0,784,3495.0,1,24569,858501440.0,1391564
2020-03-13 09:00:07.075000000,3495.0,3498.0,3491.0,3495.0,451,3496.0,336,25033,874720510.0,1391748
2020-03-13 09:00:07.574000000,3496.0,3498.0,3491.0,3495.0,7,3496.0,21,26202,915578730.0,1392115
2020-03-13 09:00:08.075000000,3496.0,3498.0,3491.0,3494.0,98,3495.0,2,27023,944268990.0,1391923
2020-03-13 09:00:08.574000000,3493.0,3498.0,3491.0,3494.0,10,3495.0,41,27804,971556730.0,1392111
2020-03-13 09:00:09.074000000,3497.0,3498.0,3491.0,3496.0,43,3497.0,124,28281,988229890.0,1392168
2020-03-13 09:00:09.574000000,3494.0,3498.0,3491.0,3493.0,777,3494.0,6,28843,1007871970.0,1392112
2020-03-13 09:00:10.075000000,3495.0,3498.0,3491.0,3495.0,2,3496.0,167,29727,1038759070.0,1392372
2020-03-13 09:00:10.574000000,3496.0,3498.0,3491.0,3495.0,68,3496.0,269,30450,1064027910.0,1392109
2020-03-13 09:00:11.074000000,3496.0,3498.0,3491.0,3495.0,10,3496.0,158,30921,1080490340.0,1392053
2020-03-13 09:00:11.575000000,3495.0,3498.0,3491.0,3494.0,266,3495.0,122,31506,1100940550.0,1392000
2020-03-13 09:00:12.075000000,3497.0,3498.0,3491.0,3496.0,65,3497.0,509,31804,1111357430.0,1392074
2020-03-13 09:00:12.571000000,3496.0,3498.0,3491.0,3496.0,468,3497.0,254,32479,1134958040.0,1391930
2020-03-13 09:00:13.075000000,3496.0,3498.0,3491.0,3496.0,37,3497.0,62,33319,1164327500.0,1391554
2020-03-13 09:00:13.575000000,3496.0,3498.0,3491.0,3496.0,24,3497.0,227,33776,1180304470.0,1391501
2020-03-13 09:00:14.075000000,3497.0,3498.0,3491.0,3496.0,10,3497.0,218,34014,1188625040.0,1391490
2020-03-13 09:00:14.575000000,3496.0,3498.0,3491.0,3495.0,812,3496.0,215,34534,1206807580.0,1391604
2020-03-13 09:00:15.072000000,3497.0,3498.0,3491.0,3496.0,103,3497.0,9,34933,1220757430.0,1391704
2020-03-13 09:00:15.575000000,3497.0,3498.0,3491.0,3497.0,55,3498.0,627,35407,1237331760.0,1391772
2020-03-13 09:00:16.075000000,3497.0,3498.0,3491.0,3497.0,7,3498.0,680,36046,1259669760.0,1391734
2020-03-13 09:00:16.575000000,3497.0,3498.0,3491.0,3496.0,59,3497.0,450,36683,1281943690.0,1391376
2020-03-13 09:00:17.074000000,3496.0,3498.0,3491.0,3495.0,493,3496.0,33,37309,1303833000.0,1391367
2020-03-13 09:00:17.575000000,3498.0,3498.0,3491.0,3497.0,1,3498.0,367,37985,1327476070.0,1391560
2020-03-13 09:00:18.071000000,3497.0,3498.0,3491.0,3496.0,22,3497.0,3,38288,1338070200.0,1391536
2020-03-13 09:00:18.569000000,3497.0,3498.0,3491.0,3496.0,617,3497.0,51,38383,1341392220.0,1391530
2020-03-13 09:00:19.075000000,3497.0,3498.0,3491.0,3496.0,681,3497.0,323,39017,1363567520.0,1391648
2020-03-13 09:00:19.575000000,3497.0,3498.0,3491.0,3497.0,1963,3498.0,263,39617,1384549940.0,1391734
2020-03-13 09:00:20.070000000,3498.0,3499.0,3491.0,3498.0,178,3499.0,1279,40222,1405712890.0,1391608
2020-03-13 09:00:20.573000000,3498.0,3499.0,3491.0,3498.0,1,3499.0,1072,40750,1424185110.0,1391729
2020-03-13 09:00:21.075000000,3498.0,3499.0,3491.0,3498.0,270,3499.0,935,41107,1436674580.0,1391740
2020-03-13 09:00:21.575000000,3498.0,3499.0,3491.0,3497.0,2138,3498.0,9,41892,1464136330.0,1391875
2020-03-13 09:00:22.075000000,3498.0,3499.0,3491.0,3498.0,162,3499.0,479,42664,1491141430.0,1391614
2020-03-13 09:00:22.575000000,3498.0,3499.0,3491.0,3498.0,29,3499.0,75,43335,1514617360.0,1391357
2020-03-13 09:00:23.072000000,3499.0,3500.0,3491.0,3499.0,423,3500.0,4232,44050,1539627350.0,1391475
2020-03-13 09:00:23.573000000,3498.0,3500.0,3491.0,3497.0,1957,3498.0,82,44778,1565099300.0,1390970
2020-03-13 09:00:24.071000000,3498.0,3500.0,3491.0,3497.0,1239,3498.0,52,46149,1613052470.0,1390793
2020-03-13 09:00:24.575000000,3498.0,3500.0,3491.0,3498.0,205,3499.0,151,46936,1640580530.0,1390724
2020-03-13 09:00:25.070000000,3498.0,3500.0,3491.0,3497.0,1114,3498.0,2,47414,1657302400.0,1390622
2020-03-13 09:00:25.575000000,3498.0,3500.0,3491.0,3498.0,36,3499.0,289,47792,1670524200.0,1390763
2020-03-13 09:00:26.071000000,3498.0,3500.0,3491.0,3498.0,391,3499.0,263,48079,1680565150.0,1390723
2020-03-13 09:00:26.576000000,3498.0,3500.0,3491.0,3499.0,18,3500.0,4293,48568,1697674140.0,1390796
2020-03-13 09:00:27.069000000,3499.0,3500.0,3491.0,3499.0,554,3500.0,4144,48902,1709362580.0,1390664
2020-03-13 09:00:27.575000000,3499.0,3500.0,3491.0,3499.0,745,3500.0,2923,50142,1752762150.0,1390304
2020-03-13 09:00:28.075000000,3500.0,3500.0,3491.0,3499.0,1063,3500.0,1227,51859,1812856570.0,1390340
2020-03-13 09:00:28.567000000,3500.0,3501.0,3491.0,3500.0,1203,3501.0,174,53228,1860772090.0,1391128
2020-03-13 09:00:29.074000000,3501.0,3502.0,3491.0,3501.0,983,3502.0,564,53584,1873235780.0,1391388
2020-03-13 09:00:29.575000000,3502.0,3503.0,3491.0,3502.0,13,3503.0,311,54680,1911613390.0,1391916
2020-03-13 09:00:30.076000000,3503.0,3503.0,3491.0,3502.0,81,3503.0,425,55366,1935632120.0,1391769
2020-03-13 09:00:30.575000000,3502.0,3503.0,3491.0,3500.0,809,3502.0,313,55857,1952822470.0,1391597
2020-03-13 09:00:31.075000000,3503.0,3503.0,3491.0,3500.0,678,3503.0,307,57159,1998412310.0,1391505
2020-03-13 09:00:31.575000000,3503.0,3503.0,3491.0,3501.0,56,3502.0,3,58155,2033279800.0,1391488
2020-03-13 09:00:32.062000000,3503.0,3503.0,3491.0,3502.0,550,3503.0,235,58689,2051979100.0,1391379
2020-03-13 09:00:32.576000000,3503.0,3504.0,3491.0,3503.0,272,3504.0,482,59273,2072434490.0,1391112
2020-03-13 09:00:33.072000000,3503.0,3504.0,3491.0,3503.0,392,3504.0,542,59422,2077654030.0,1391079
2020-03-13 09:00:33.576000000,3504.0,3504.0,3491.0,3503.0,422,3504.0,552,59551,2082173220.0,1391028
2020-03-13 09:00:34.075000000,3504.0,3504.0,3491.0,3503.0,317,3504.0,211,60095,2101233060.0,1390754
2020-03-13 09:00:34.572000000,3504.0,3505.0,3491.0,3504.0,3,3505.0,411,60436,2113180000.0,1390670
2020-03-13 09:00:35.075000000,3504.0,3505.0,3491.0,3504.0,662,3505.0,455,60610,2119277130.0,1390621
2020-03-13 09:00:35.570000000,3504.0,3505.0,3491.0,3504.0,367,3505.0,472,61252,2141773350.0,1390570
2020-03-13 09:00:36.074000000,3505.0,3505.0,3491.0,3504.0,499,3505.0,372,61427,2147906610.0,1390577
2020-03-13 09:00:36.574000000,3505.0,3505.0,3491.0,3504.0,502,3505.0,81,61860,2163082000.0,1390676
2020-03-13 09:00:37.072000000,3505.0,3506.0,3491.0,3505.0,729,3506.0,225,62161,2173632120.0,1390655
2020-03-13 09:00:37.575000000,3505.0,3506.0,3491.0,3504.0,556,3505.0,328,63604,2224209130.0,1390208
2020-03-13 09:00:38.069000000,3504.0,3506.0,3491.0,3503.0,699,3504.0,170,64276,2247755880.0,1390092
2020-03-13 09:00:38.566000000,3503.0,3506.0,3491.0,3502.0,779,3503.0,84,65153,2278479460.0,1389819
2020-03-13 09:00:39.070000000,3503.0,3506.0,3491.0,3501.0,235,3503.0,153,66019,2308807700.0,1389987
2020-03-13 09:00:39.572000000,3501.0,3506.0,3491.0,3501.0,274,3502.0,4,66224,2315987720.0,1389883
2020-03-13 09:00:40.073000000,3501.0,3506.0,3491.0,3501.0,221,3502.0,69,66569,2328070260.0,1389801
2020-03-13 09:00:40.574000000,3503.0,3506.0,3491.0,3501.0,47,3503.0,173,66823,2336963760.0,1389740
2020-03-13 09:00:41.071000000,3502.0,3506.0,3491.0,3501.0,80,3502.0,21,67046,2344771610.0,1389624
2020-03-13 09:00:41.575000000,3503.0,3506.0,3491.0,3503.0,373,3504.0,136,67469,2359587330.0,1389376
2020-03-13 09:00:42.075000000,3503.0,3506.0,3491.0,3503.0,205,3504.0,3,67957,2376684520.0,1389252
2020-03-13 09:00:42.572000000,3502.0,3506.0,3491.0,3502.0,352,3503.0,19,68244,2386738710.0,1389174
2020-03-13 09:00:43.073000000,3503.0,3506.0,3491.0,3502.0,461,3503.0,502,68417,2392799730.0,1389219
2020-03-13 09:00:43.575000000,3502.0,3506.0,3491.0,3501.0,298,3502.0,120,68775,2405336860.0,1389198
2020-03-13 09:00:44.075000000,3502.0,3506.0,3491.0,3502.0,1,3503.0,741,69183,2419623250.0,1389273
2020-03-13 09:00:44.575000000,3502.0,3506.0,3491.0,3500.0,244,3502.0,356,69288,2423299990.0,1389276
2020-03-13 09:00:45.069000000,3501.0,3506.0,3491.0,3500.0,141,3501.0,103,69462,2429390650.0,1389294
2020-03-13 09:00:45.573000000,3501.0,3506.0,3491.0,3500.0,178,3501.0,652,69689,2437337300.0,1389281
2020-03-13 09:00:46.073000000,3500.0,3506.0,3491.0,3499.0,874,3500.0,8,70115,2452249290.0,1389370
2020-03-13 09:00:46.574000000,3500.0,3506.0,3491.0,3500.0,3,3501.0,490,70311,2459110090.0,1389319
2020-03-13 09:00:47.069000000,3500.0,3506.0,3491.0,3500.0,28,3501.0,472,70583,2468630100.0,1389287
2020-03-13 09:00:47.572000000,3499.0,3506.0,3491.0,3499.0,901,3500.0,26,70806,2476435060.0,1389181
2020-03-13 09:00:48.070000000,3499.0,3506.0,3491.0,3499.0,879,3500.0,144,70898,2479654730.0,1389162
2020-03-13 09:00:48.573000000,3499.0,3506.0,3491.0,3499.0,795,3500.0,468,71092,2486444030.0,1389044
2020-03-13 09:00:49.075000000,3499.0,3506.0,3491.0,3499.0,106,3500.0,466,71851,2513002050.0,1389160
2020-03-13 09:00:49.575000000,3499.0,3506.0,3491.0,3498.0,509,3499.0,34,72483,2535115580.0,1389288
2020-03-13 09:00:50.069000000,3499.0,3506.0,3491.0,3498.0,462,3499.0,349,72687,2542253280.0,1389187
2020-03-13 09:00:50.574000000,3499.0,3506.0,3491.0,3498.0,449,3499.0,251,72877,2548901140.0,1389120
2020-03-13 09:00:51.066000000,3499.0,3506.0,3491.0,3498.0,423,3499.0,249,73004,2553344210.0,1389123
2020-03-13 09:00:51.575000000,3498.0,3506.0,3491.0,3498.0,202,3499.0,282,73259,2562264230.0,1389147
2020-03-13 09:00:52.074000000,3499.0,3506.0,3491.0,3497.0,787,3499.0,275,73796,2581048670.0,1389336
2020-03-13 09:00:52.572000000,3498.0,3506.0,3491.0,3498.0,48,3499.0,353,73893,2584442080.0,1389322
2020-03-13 09:00:53.074000000,3498.0,3506.0,3491.0,3498.0,184,3499.0,111,74183,2594588820.0,1389423
2020-03-13 09:00:53.575000000,3498.0,3506.0,3491.0,3498.0,151,3499.0,50,74371,2601166000.0,1389382
2020-03-13 09:00:54.073000000,3498.0,3506.0,3491.0,3497.0,789,3498.0,528,74694,2612464690.0,1389558
2020-03-13 09:00:54.574000000,3497.0,3506.0,3491.0,3497.0,567,3498.0,403,75137,2627958650.0,1389876
2020-03-13 09:00:55.075000000,3497.0,3506.0,3491.0,3497.0,535,3498.0,378,75233,2631316390.0,1389839
2020-03-13 09:00:55.575000000,3498.0,3506.0,3491.0,3497.0,387,3498.0,345,75459,2639220380.0,1389841
2020-03-13 09:00:56.075000000,3497.0,3506.0,3491.0,3497.0,353,3498.0,368,75640,2645550510.0,1389895
2020-03-13 09:00:56.575000000,3497.0,3506.0,3491.0,3497.0,306,3498.0,385,75695,2647473930.0,1389902
2020-03-13 09:00:57.072000000,3497.0,3506.0,3491.0,3496.0,478,3497.0,277,76081,2660972350.0,1390179
2020-03-13 09:00:57.575000000,3497.0,3506.0,3491.0,3496.0,388,3497.0,195,76330,2669679440.0,1390167
2020-03-13 09:00:58.072000000,3496.0,3506.0,3491.0,3496.0,370,3497.0,296,76364,2670868240.0,1390167
2020-03-13 09:00:58.575000000,3496.0,3506.0,3491.0,3495.0,1010,3496.0,60,76796,2685970940.0,1390511
2020-03-13 09:00:59.075000000,3495.0,3506.0,3491.0,3495.0,938,3496.0,149,76943,2691109620.0,1390418
2020-03-13 09:00:59.575000000,3496.0,3506.0,3491.0,3495.0,710,3496.0,283,77140,2697995190.0,1390446
2020-03-13 09:01:00.068000000,3496.0,3506.0,3491.0,3495.0,396,3496.0,551,77590,2713723390.0,1390652
2020-03-13 09:01:00.575000000,3495.0,3506.0,3491.0,3495.0,75,3496.0,576,78085,2731024380.0,1390946
2020-03-13 09:01:01.076000000,3495.0,3506.0,3491.0,3494.0,1067,3495.0,189,78265,2737315150.0,1391021
2020-03-13 09:01:01.576000000,3494.0,3506.0,3491.0,3494.0,1051,3495.0,352,78421,2742767060.0,1391012
2020-03-13 09:01:02.074000000,3494.0,3506.0,3491.0,3494.0,541,3495.0,389,78967,2761844830.0,1390718
2020-03-13 09:01:02.575000000,3494.0,3506.0,3491.0,3493.0,426,3494.0,702,79743,2788957260.0,1390680
2020-03-13 09:01:03.075000000,3492.0,3506.0,3491.0,3492.0,475,3493.0,136,80239,2806282490.0,1390538
2020-03-13 09:01:03.575000000,3493.0,3506.0,3491.0,3492.0,346,3493.0,397,80362,2810577820.0,1390547
2020-03-13 09:01:04.074000000,3493.0,3506.0,3491.0,3492.0,183,3493.0,502,80553,2817247810.0,1390498
2020-03-13 09:01:04.572000000,3493.0,3506.0,3491.0,3491.0,641,3493.0,929,80978,2832089860.0,1390299
2020-03-13 09:01:05.075000000,3492.0,3506.0,3491.0,3491.0,628,3492.0,416,81023,2833661150.0,1390300
2020-03-13 09:01:05.575000000,3493.0,3506.0,3491.0,3492.0,16,3493.0,765,81820,2861490290.0,1390252
2020-03-13 09:01:06.071000000,3492.0,3506.0,3491.0,3491.0,363,3492.0,496,81959,2866343980.0,1390231
2020-03-13 09:01:06.576000000,3492.0,3506.0,3491.0,3491.0,159,3492.0,586,82201,2874792350.0,1390121
2020-03-13 09:01:07.076000000,3491.0,3506.0,3490.0,3490.0,1566,3491.0,690,82389,2881355260.0,1390040
2020-03-13 09:01:07.575000000,3491.0,3506.0,3490.0,3490.0,395,3491.0,1061,83626,2924527260.0,1389700
2020-03-13 09:01:08.072000000,3489.0,3506.0,3489.0,3489.0,491,3490.0,812,84252,2946373080.0,1389604
2020-03-13 09:01:08.575000000,3489.0,3506.0,3488.0,3489.0,52,3490.0,434,85372,2985447190.0,1389163
2020-03-13 09:01:09.074000000,3488.0,3506.0,3488.0,3488.0,231,3489.0,974,85697,2996785230.0,1389123
2020-03-13 09:01:09.574000000,3488.0,3506.0,3487.0,3487.0,453,3488.0,154,86446,3022908320.0,1388702
2020-03-13 09:01:10.061000000,3487.0,3506.0,3487.0,3487.0,137,3488.0,84,87054,3044111890.0,1388433
2020-03-13 09:01:10.574000000,3487.0,3506.0,3486.0,3487.0,90,3488.0,179,87705,3066812880.0,1388015
2020-03-13 09:01:11.073000000,3487.0,3506.0,3486.0,3486.0,751,3487.0,280,87973,3076157290.0,1387943
2020-03-13 09:01:11.567000000,3487.0,3506.0,3486.0,3486.0,594,3487.0,104,88598,3097949370.0,1387889
2020-03-13 09:01:12.074000000,3486.0,3506.0,3486.0,3486.0,291,3487.0,36,89083,3114858160.0,1387700
2020-03-13 09:01:12.575000000,3486.0,3506.0,3485.0,3485.0,649,3486.0,37,89853,3141699680.0,1387361
2020-03-13 09:01:13.075000000,3486.0,3506.0,3485.0,3485.0,663,3486.0,54,90035,3148043960.0,1387350
2020-03-13 09:01:13.570000000,3486.0,3506.0,3485.0,3486.0,25,3487.0,69,90890,3177850650.0,1387195
2020-03-13 09:01:14.075000000,3486.0,3506.0,3485.0,3486.0,161,3487.0,101,91468,3197999730.0,1386889
2020-03-13 09:01:14.576000000,3486.0,3506.0,3485.0,3486.0,168,3487.0,201,91693,3205843480.0,1386902
2020-03-13 09:01:15.075000000,3486.0,3506.0,3485.0,3485.0,564,3486.0,123,92015,3217068340.0,1386835
2020-03-13 09:01:15.573000000,3486.0,3506.0,3485.0,3485.0,450,3486.0,114,92415,3231011150.0,1386707
2020-03-13 09:01:16.076000000,3486.0,3506.0,3485.0,3485.0,437,3486.0,206,92564,3236204470.0,1386630
2020-03-13 09:01:16.576000000,3486.0,3506.0,3485.0,3485.0,356,3486.0,159,92980,3250704820.0,1386691
2020-03-13 09:01:17.061000000,3485.0,3506.0,3485.0,3484.0,704,3485.0,151,93583,3271721230.0,1386557
2020-03-13 09:01:17.576000000,3485.0,3506.0,3484.0,3485.0,10,3486.0,123,94365,3298972920.0,1386151
2020-03-13 09:01:18.075000000,3485.0,3506.0,3484.0,3484.0,571,3485.0,943,94594,3306953450.0,1386092
2020-03-13 09:01:18.574000000,3485.0,3506.0,3484.0,3484.0,165,3485.0,970,95061,3323224530.0,1386039
2020-03-13 09:01:19.076000000,3484.0,3506.0,3483.0,3483.0,1365,3484.0,87,95361,3333676480.0,1385948
2020-03-13 09:01:19.572000000,3483.0,3506.0,3483.0,3483.0,1270,3485.0,1296,95917,3353046370.0,1385640
2020-03-13 09:01:20.074000000,3484.0,3506.0,3483.0,3483.0,762,3484.0,96,96521,3374084560.0,1385519
2020-03-13 09:01:20.575000000,3484.0,3506.0,3483.0,3483.0,609,3484.0,24,97072,3393280110.0,1385419
2020-03-13 09:01:21.072000000,3483.0,3506.0,3483.0,3483.0,328,3484.0,199,97528,3409163930.0,1385171
2020-03-13 09:01:21.574000000,3483.0,3506.0,3483.0,3483.0,130,3484.0,153,97887,3421668750.0,1385212
2020-03-13 09:01:22.074000000,3483.0,3506.0,3483.0,3483.0,59,3484.0,95,98105,3429263010.0,1385279
2020-03-13 09:01:22.576000000,3483.0,3506.0,3482.0,3482.0,1165,3483.0,656,98493,3442776910.0,1385062
2020-03-13 09:01:23.061000000,3484.0,3506.0,3482.0,3483.0,101,3484.0,157,99526,3478754480.0,1385067
2020-03-13 09:01:23.575000000,3483.0,3506.0,3482.0,3483.0,26,3484.0,9,100421,3509928690.0,1384662
2020-03-13 09:01:24.076000000,3485.0,3506.0,3482.0,3484.0,480,3485.0,678,100871,3525606760.0,1384399
2020-03-13 09:01:24.570000000,3485.0,3506.0,3482.0,3485.0,25,3486.0,252,101717,3555089860.0,1384394
2020-03-13 09:01:25.074000000,3486.0,3506.0,3482.0,3486.0,4,3487.0,333,102195,3571751070.0,1384422
2020-03-13 09:01:25.576000000,3486.0,3506.0,3482.0,3485.0,140,3486.0,54,102640,3587261480.0,1384331
2020-03-13 09:01:26.076000000,3487.0,3506.0,3482.0,3486.0,615,3487.0,299,103160,3605387410.0,1384186
2020-03-13 09:01:26.575000000,3486.0,3506.0,3482.0,3486.0,564,3487.0,26,103497,3617137500.0,1384132
2020-03-13 09:01:27.074000000,3487.0,3506.0,3482.0,3487.0,353,3488.0,259,103667,3623065430.0,1384102
2020-03-13 09:01:27.574000000,3487.0,3506.0,3482.0,3487.0,485,3489.0,1370,104003,3634784290.0,1384187
2020-03-13 09:01:28.074000000,3487.0,3506.0,3482.0,3487.0,182,3488.0,20,104349,3646849420.0,1384029
2020-03-13 09:01:28.575000000,3488.0,3506.0,3482.0,3487.0,359,3488.0,4,104578,3654835680.0,1384059
2020-03-13 09:01:29.073000000,3488.0,3506.0,3482.0,3488.0,3,3489.0,1191,104740,3660485730.0,1384080
2020-03-13 09:01:29.573000000,3488.0,3506.0,3482.0,3488.0,201,3489.0,1137,104957,3668055360.0,1384074
2020-03-13 09:01:30.076000000,3489.0,3506.0,3482.0,3488.0,123,3489.0,931,105291,3679706770.0,1384008
2020-03-13 09:01:30.567000000,3489.0,3506.0,3482.0,3488.0,35,3489.0,849,105507,3687242000.0,1384000
2020-03-13 09:01:31.071000000,3489.0,3506.0,3482.0,3488.0,46,3489.0,736,105732,3695091200.0,1384100
2020-03-13 09:01:31.576000000,3489.0,3506.0,3482.0,3488.0,217,3489.0,649,105885,3700428800.0,1384197
2020-03-13 09:01:32.076000000,3489.0,3506.0,3482.0,3489.0,534,3490.0,171,106503,3721990750.0,1384596
2020-03-13 09:01:32.572000000,3490.0,3506.0,3482.0,3490.0,88,3491.0,469,106869,3734764150.0,1384772
2020-03-13 09:01:33.072000000,3489.0,3506.0,3482.0,3489.0,1066,3490.0,166,107442,3754763630.0,1384382
2020-03-13 09:01:33.575000000,3490.0,3506.0,3482.0,3490.0,144,3491.0,259,107685,3763244550.0,1384264
2020-03-13 09:01:34.067000000,3490.0,3506.0,3482.0,3490.0,202,3491.0,284,107724,3764605880.0,1384241
2020-03-13 09:01:34.573000000,3491.0,3506.0,3482.0,3490.0,174,3491.0,165,108002,3774309340.0,1384201
2020-03-13 09:01:35.069000000,3490.0,3506.0,3482.0,3490.0,277,3491.0,136,108061,3776368750.0,1384212
2020-03-13 09:01:35.570000000,3491.0,3506.0,3482.0,3491.0,299,3492.0,312,108271,3783699860.0,1384085
2020-03-13 09:01:36.074000000,3491.0,3506.0,3482.0,3491.0,235,3492.0,142,108629,3796199530.0,1384095
2020-03-13 09:01:36.576000000,3492.0,3506.0,3482.0,3491.0,298,3492.0,127,108722,3799446400.0,1384031
2020-03-13 09:01:37.076000000,3491.0,3506.0,3482.0,3491.0,362,3492.0,196,108762,3800843010.0,1383998
2020-03-13 09:01:37.570000000,3492.0,3506.0,3482.0,3491.0,333,3492.0,91,108958,3807686970.0,1384007
2020-03-13 09:01:38.064000000,3492.0,3506.0,3482.0,3491.0,238,3492.0,118,109180,3815438090.0,1383937
2020-03-13 09:01:38.570000000,3491.0,3506.0,3482.0,3491.0,203,3492.0,162,109388,3822700650.0,1383863
2020-03-13 09:01:39.071000000,3492.0,3506.0,3482.0,3491.0,211,3492.0,8,109711,3833979480.0,1383841
2020-03-13 09:01:39.574000000,3491.0,3506.0,3482.0,3491.0,225,3492.0,79,109892,3840299830.0,1383839
2020-03-13 09:01:40.064000000,3491.0,3506.0,3482.0,3491.0,191,3492.0,163,109951,3842359830.0,1383851
2020-03-13 09:01:40.567000000,3491.0,3506.0,3482.0,3491.0,164,3492.0,102,110093,3847317920.0,1383839
2020-03-13 09:01:41.069000000,3491.0,3506.0,3482.0,3490.0,603,3491.0,45,110358,3856569410.0,1383699
2020-03-13 09:01:41.575000000,3490.0,3506.0,3482.0,3489.0,1407,3490.0,164,111156,3884421320.0,1383807
2020-03-13 09:01:42.071000000,3490.0,3506.0,3482.0,3489.0,1329,3490.0,535,111264,3888190250.0,1383773
2020-03-13 09:01:42.575000000,3490.0,3506.0,3482.0,3489.0,1235,3490.0,485,111435,3894157440.0,1383675
2020-03-13 09:01:43.075000000,3489.0,3506.0,3482.0,3489.0,1121,3490.0,504,111556,3898379180.0,1383568
2020-03-13 09:01:43.570000000,3490.0,3506.0,3482.0,3488.0,471,3489.0,11,112880,3944575410.0,1383719
2020-03-13 09:01:44.073000000,3489.0,3506.0,3482.0,3488.0,408,3489.0,422,112990,3948413060.0,1383745
2020-03-13 09:01:44.576000000,3488.0,3506.0,3482.0,3487.0,141,3488.0,20,113477,3965399630.0,1383578
2020-03-13 09:01:45.074000000,3488.0,3506.0,3482.0,3487.0,136,3488.0,499,113613,3970142560.0,1383513
2020-03-13 09:01:45.571000000,3488.0,3506.0,3482.0,3487.0,73,3488.0,668,113732,3974293250.0,1383451
2020-03-13 09:01:46.075000000,3487.0,3506.0,3482.0,3486.0,220,3487.0,33,114059,3985696830.0,1383522
2020-03-13 09:01:46.574000000,3487.0,3506.0,3482.0,3487.0,37,3489.0,455,114906,4015239270.0,1383573
2020-03-13 09:01:47.070000000,3488.0,3506.0,3482.0,3487.0,79,3488.0,100,115215,4026014220.0,1383511
2020-03-13 09:01:47.574000000,3487.0,3506.0,3482.0,3487.0,201,3488.0,90,115370,4031420360.0,1383473
2020-03-13 09:01:48.069000000,3488.0,3506.0,3482.0,3487.0,238,3488.0,148,115426,4033373420.0,1383449
2020-03-13 09:01:48.573000000,3487.0,3506.0,3482.0,3487.0,146,3488.0,58,115648,4041115840.0,1383501
2020-03-13 09:01:49.073000000,3488.0,3506.0,3482.0,3487.0,100,3488.0,89,116000,4053390990.0,1383408
2020-03-13 09:01:49.576000000,3487.0,3506.0,3482.0,3486.0,416,3487.0,59,116446,4068944540.0,1383232
2020-03-13 09:01:50.075000000,3488.0,3506.0,3482.0,3488.0,33,3489.0,474,116819,4081953450.0,1383214
2020-03-13 09:01:50.567000000,3487.0,3506.0,3482.0,3486.0,406,3487.0,66,116966,4087079730.0,1383179
2020-03-13 09:01:51.074000000,3487.0,3506.0,3482.0,3486.0,228,3487.0,139,117310,4099072900.0,1382954
2020-03-13 09:01:51.573000000,3487.0,3506.0,3482.0,3486.0,136,3487.0,3,117585,4108662060.0,1383129
2020-03-13 09:01:52.075000000,3487.0,3506.0,3482.0,3487.0,8,3488.0,172,117818,4116786480.0,1383271
2020-03-13 09:01:52.575000000,3487.0,3506.0,3482.0,3486.0,224,3487.0,19,118128,4127596170.0,1383240
2020-03-13 09:01:53.075000000,3488.0,3506.0,3482.0,3487.0,271,3488.0,88,118359,4135651170.0,1383118
2020-03-13 09:01:53.576000000,3487.0,3506.0,3482.0,3487.0,265,3488.0,134,118451,4138859400.0,1383062
2020-03-13 09:01:54.072000000,3488.0,3506.0,3482.0,3487.0,236,3489.0,490,118687,4147090790.0,1383151
2020-03-13 09:01:54.566000000,3487.0,3506.0,3482.0,3487.0,241,3488.0,494,118765,4149811000.0,1383151
2020-03-13 09:01:55.069000000,3488.0,3506.0,3482.0,3486.0,10,3487.0,12,119437,4173239920.0,1382949
2020-03-13 09:01:55.571000000,3486.0,3506.0,3482.0,3486.0,10,3487.0,311,119649,4180629690.0,1382817
2020-03-13 09:01:56.075000000,3486.0,3506.0,3482.0,3485.0,674,3486.0,492,119758,4184429260.0,1382839
2020-03-13 09:01:56.572000000,3486.0,3506.0,3482.0,3485.0,564,3486.0,471,119887,4188925620.0,1382845
2020-03-13 09:01:57.075000000,3486.0,3506.0,3482.0,3484.0,808,3486.0,481,120497,4210184580.0,1382846
2020-03-13 09:01:57.573000000,3486.0,3506.0,3482.0,3484.0,746,3486.0,560,120641,4215202930.0,1382853
2020-03-13 09:01:58.074000000,3485.0,3506.0,3482.0,3484.0,712,3485.0,6,120733,4218409140.0,1382836
2020-03-13 09:01:58.573000000,3485.0,3506.0,3482.0,3484.0,599,3485.0,83,120859,4222799790.0,1382768
2020-03-13 09:01:59.076000000,3484.0,3506.0,3482.0,3483.0,1026,3484.0,25,121492,4244853800.0,1382461
2020-03-13 09:01:59.576000000,3484.0,3506.0,3482.0,3483.0,907,3484.0,16,121735,4253318880.0,1382339
2020-03-13 09:02:00.073000000,3484.0,3506.0,3482.0,3484.0,352,3486.0,835,122212,4269939980.0,1382456
2020-03-13 09:02:00.575000000,3484.0,3506.0,3482.0,3485.0,39,3486.0,767,122727,4287884400.0,1382171
2020-03-13 09:02:01.075000000,3485.0,3506.0,3482.0,3485.0,72,3486.0,644,123031,4298479960.0,1382194
2020-03-13 09:02:01.575000000,3485.0,3506.0,3482.0,3485.0,158,3486.0,629,123534,4316009640.0,1382393
2020-03-13 09:02:02.075000000,3486.0,3506.0,3482.0,3485.0,402,3486.0,506,123671,4320785330.0,1382400
2020-03-13 09:02:02.576000000,3486.0,3506.0,3482.0,3486.0,764,3487.0,641,124253,4341073890.0,1382261
2020-03-13 09:02:03.062000000,3487.0,3506.0,3482.0,3487.0,6,3488.0,589,124911,4364019110.0,1382360
2020-03-13 09:02:03.574000000,3488.0,3506.0,3482.0,3487.0,95,3488.0,482,125485,4384035260.0,1382224
2020-03-13 09:02:04.076000000,3487.0,3506.0,3482.0,3487.0,63,3488.0,393,125720,4392229770.0,1382352
2020-03-13 09:02:04.576000000,3487.0,3506.0,3482.0,3487.0,9,3488.0,380,125897,4398402000.0,1382402
2020-03-13 09:02:05.073000000,3487.0,3506.0,3482.0,3487.0,200,3488.0,37,126322,4413225790.0,1382511
2020-03-13 09:02:05.576000000,3488.0,3506.0,3482.0,3488.0,524,3489.0,290,126551,4421213310.0,1382556
2020-03-13 09:02:06.075000000,3488.0,3506.0,3482.0,3488.0,539,3489.0,111,126722,4427179170.0,1382647
2020-03-13 09:02:06.576000000,3488.0,3506.0,3482.0,3488.0,55,3489.0,5,127420,4451526850.0,1382559
2020-03-13 09:02:07.070000000,3488.0,3506.0,3482.0,3488.0,34,3489.0,163,127652,4459620150.0,1382593
2020-03-13 09:02:07.576000000,3488.0,3506.0,3482.0,3487.0,524,3488.0,468,127831,4465863690.0,1382613
2020-03-13 09:02:08.072000000,3488.0,3506.0,3482.0,3487.0,355,3488.0,222,128269,4481139950.0,1382506
2020-03-13 09:02:08.574000000,3488.0,3506.0,3482.0,3488.0,51,3489.0,206,129074,4509213310.0,1382221
2020-03-13 09:02:09.076000000,3488.0,3506.0,3482.0,3486.0,1059,3488.0,531,129289,4516710640.0,1382219
2020-03-13 09:02:09.569000000,3487.0,3506.0,3482.0,3486.0,1059,3488.0,837,129456,4522534670.0,1382272
2020-03-13 09:02:10.064000000,3487.0,3506.0,3482.0,3486.0,508,3487.0,208,130075,4544114040.0,1382179
2020-03-13 09:02:10.568000000,3486.0,3506.0,3482.0,3485.0,668,3486.0,116,130640,4563811350.0,1381803
2020-03-13 09:02:11.067000000,3486.0,3506.0,3482.0,3485.0,606,3486.0,79,131065,4578626800.0,1381722
2020-03-13 09:02:11.574000000,3486.0,3506.0,3482.0,3485.0,669,3486.0,26,131218,4583960280.0,1381633
2020-03-13 09:02:12.070000000,3487.0,3506.0,3482.0,3486.0,156,3487.0,167,131489,4593407810.0,1381585
2020-03-13 09:02:12.573000000,3488.0,3506.0,3482.0,3487.0,36,3488.0,1484,132177,4617392900.0,1381226
2020-03-13 09:02:13.071000000,3487.0,3506.0,3482.0,3486.0,30,3487.0,478,132405,4625341060.0,1381288
2020-03-13 09:02:13.575000000,3486.0,3506.0,3482.0,3485.0,333,3486.0,952,132899,4642559420.0,1380990
2020-03-13 09:02:14.074000000,3485.0,3506.0,3482.0,3484.0,689,3485.0,239,133269,4655453870.0,1380954
2020-03-13 09:02:14.567000000,3485.0,3506.0,3482.0,3484.0,609,3485.0,144,133532,4664619350.0,1380891
2020-03-13 09:02:15.075000000,3485.0,3506.0,3482.0,3484.0,143,3485.0,280,134154,4686291000.0,1380582
2020-03-13 09:02:15.571000000,3485.0,3506.0,3482.0,3484.0,38,3485.0,285,134300,4691378330.0,1380649
2020-03-13 09:02:16.068000000,3484.0,3506.0,3482.0,3483.0,1038,3484.0,403,134604,4701971640.0,1380637
2020-03-13 09:02:16.566000000,3485.0,3506.0,3482.0,3485.0,22,3486.0,591,135313,4726677620.0,1380591
2020-03-13 09:02:17.075000000,3485.0,3506.0,3482.0,3484.0,82,3485.0,480,135525,4734065550.0,1380503
2020-03-13 09:02:17.568000000,3484.0,3506.0,3482.0,3484.0,211,3485.0,406,135737,4741453500.0,1380491
2020-03-13 09:02:18.072000000,3485.0,3506.0,3482.0,3484.0,392,3485.0,11,136087,4753650690.0,1380309
2020-03-13 09:02:18.575000000,3485.0,3506.0,3482.0,3484.0,219,3486.0,501,136858,4780518130.0,1379770
2020-03-13 09:02:19.074000000,3486.0,3506.0,3482.0,3485.0,106,3486.0,506,136913,4782435140.0,1379741
2020-03-13 09:02:19.576000000,3485.0,3506.0,3482.0,3485.0,172,3486.0,407,137040,4786862140.0,1379651
2020-03-13 09:02:20.066000000,3485.0,3506.0,3482.0,3485.0,148,3486.0,383,137191,4792124540.0,1379638
2020-03-13 09:02:20.574000000,3485.0,3506.0,3482.0,3485.0,108,3486.0,414,137247,4794076340.0,1379633
2020-03-13 09:02:21.075000000,3485.0,3506.0,3482.0,3485.0,5,3486.0,331,137487,4802441120.0,1379486
2020-03-13 09:02:21.572000000,3485.0,3506.0,3482.0,3484.0,3,3485.0,37,138023,4821117870.0,1379607
2020-03-13 09:02:22.069000000,3485.0,3506.0,3482.0,3484.0,53,3485.0,316,138164,4826031490.0,1379611
2020-03-13 09:02:22.573000000,3485.0,3506.0,3482.0,3484.0,15,3485.0,370,138324,4831607150.0,1379618
2020-03-13 09:02:23.071000000,3484.0,3506.0,3482.0,3484.0,8,3485.0,315,138367,4833105500.0,1379621
2020-03-13 09:02:23.572000000,3485.0,3506.0,3482.0,3484.0,39,3485.0,293,138430,4835300780.0,1379593
2020-03-13 09:02:24.075000000,3484.0,3506.0,3482.0,3484.0,236,3485.0,10,138786,4847706650.0,1379457
2020-03-13 09:02:24.573000000,3484.0,3506.0,3482.0,3485.0,52,3486.0,682,138920,4852375940.0,1379469
2020-03-13 09:02:25.075000000,3485.0,3506.0,3482.0,3484.0,11,3485.0,116,139514,4873072380.0,1379137
2020-03-13 09:02:25.566000000,3485.0,3506.0,3482.0,3484.0,10,3485.0,311,139598,4875999000.0,1379146
2020-03-13 09:02:26.075000000,3485.0,3506.0,3482.0,3484.0,6,3485.0,339,139656,4878019860.0,1379155
2020-03-13 09:02:26.574000000,3484.0,3506.0,3482.0,3484.0,47,3485.0,254,140361,4902588690.0,1378803
2020-03-13 09:02:27.067000000,3484.0,3506.0,3482.0,3484.0,157,3485.0,215,140640,4912310150.0,1378721
2020-03-13 09:02:27.575000000,3484.0,3506.0,3482.0,3484.0,217,3485.0,242,140699,4914365900.0,1378708
2020-03-13 09:02:28.073000000,3485.0,3506.0,3482.0,3484.0,192,3485.0,208,140886,4920881330.0,1378586
2020-03-13 09:02:28.576000000,3484.0,3506.0,3482.0,3484.0,225,3485.0,226,140906,4921578220.0,1378572
2020-03-13 09:02:29.074000000,3484.0,3506.0,3482.0,3484.0,35,3485.0,194,141217,4932413920.0,1378568
2020-03-13 09:02:29.576000000,3484.0,3506.0,3482.0,3483.0,1187,3484.0,35,141384,4938232630.0,1378483
2020-03-13 09:02:30.074000000,3483.0,3506.0,3482.0,3483.0,1191,3484.0,33,141564,4944504250.0,1378535
2020-03-13 09:02:30.570000000,3484.0,3506.0,3482.0,3484.0,40,3485.0,123,141733,4950392420.0,1378539
2020-03-13 09:02:31.068000000,3484.0,3506.0,3482.0,3484.0,91,3485.0,155,141821,4953458650.0,1378506
2020-03-13 09:02:31.566000000,3483.0,3506.0,3482.0,3483.0,1132,3484.0,2,141974,4958788970.0,1378490
2020-03-13 09:02:32.075000000,3484.0,3506.0,3482.0,3483.0,1143,3484.0,161,142008,4959973390.0,1378465
2020-03-13 09:02:32.576000000,3484.0,3506.0,3482.0,3483.0,1149,3484.0,431,142102,4963248200.0,1378444
2020-03-13 09:02:33.074000000,3483.0,3506.0,3482.0,3483.0,1060,3484.0,555,142222,4967428150.0,1378502
2020-03-13 09:02:33.572000000,3484.0,3506.0,3482.0,3483.0,907,3484.0,562,142417,4974220460.0,1378603
2020-03-13 09:02:34.067000000,3483.0,3506.0,3482.0,3483.0,711,3484.0,424,142753,4985924530.0,1378576
2020-03-13 09:02:34.575000000,3483.0,3506.0,3482.0,3483.0,694,3484.0,705,142843,4989059720.0,1378573
2020-03-13 09:02:35.063000000,3483.0,3506.0,3482.0,3482.0,1227,3483.0,81,143586,5014938760.0,1378379
2020-03-13 09:02:35.574000000,3483.0,3506.0,3482.0,3482.0,603,3483.0,309,144219,5036980200.0,1377972
2020-03-13 09:02:36.067000000,3482.0,3506.0,3482.0,3481.0,2035,3482.0,102,144847,5058847300.0,1377774
2020-03-13 09:02:36.573000000,3481.0,3506.0,3481.0,3481.0,1687,3482.0,7,145795,5091855930.0,1377965
2020-03-13 09:02:37.075000000,3481.0,3506.0,3481.0,3482.0,1,3483.0,466,146697,5123257660.0,1377558
2020-03-13 09:02:37.575000000,3482.0,3506.0,3481.0,3481.0,926,3482.0,186,146940,5131717910.0,1377475
2020-03-13 09:02:38.075000000,3481.0,3506.0,3481.0,3481.0,391,3482.0,156,147590,5154345240.0,1377109
2020-03-13 09:02:38.575000000,3482.0,3506.0,3481.0,3481.0,148,3482.0,153,147838,5162978540.0,1377054
2020-03-13 09:02:39.075000000,3480.0,3506.0,3480.0,3480.0,4040,3481.0,19,148222,5176346970.0,1377128
2020-03-13 09:02:39.574000000,3481.0,3506.0,3480.0,3480.0,3688,3481.0,88,149177,5209585970.0,1376875
2020-03-13 09:02:40.064000000,3481.0,3506.0,3480.0,3481.0,28,3482.0,108,149522,5221593770.0,1376771
2020-03-13 09:02:40.576000000,3482.0,3506.0,3480.0,3481.0,60,3482.0,118,149708,5228068530.0,1376796
2020-03-13 09:02:41.076000000,3481.0,3506.0,3480.0,3480.0,3409,3481.0,5,150302,5248744910.0,1376886
2020-03-13 09:02:41.565000000,3481.0,3506.0,3480.0,3480.0,3079,3481.0,70,150769,5264998200.0,1376609
2020-03-13 09:02:42.067000000,3480.0,3506.0,3480.0,3480.0,2937,3481.0,630,151089,5276136610.0,1376604
2020-03-13 09:02:42.572000000,3481.0,3506.0,3480.0,3480.0,2903,3481.0,662,151282,5282854340.0,1376515
2020-03-13 09:02:43.076000000,3481.0,3506.0,3480.0,3480.0,2771,3481.0,824,151476,5289606180.0,1376362
2020-03-13 09:02:43.574000000,3481.0,3506.0,3480.0,3480.0,420,3481.0,978,154004,5377582020.0,1376450
2020-03-13 09:02:44.066000000,3479.0,3506.0,3479.0,3479.0,1110,3480.0,738,154490,5394494460.0,1376458
2020-03-13 09:02:44.570000000,3480.0,3506.0,3479.0,3479.0,880,3480.0,700,154838,5406602060.0,1376172
2020-03-13 09:02:45.074000000,3480.0,3506.0,3479.0,3479.0,742,3480.0,577,155188,5418780230.0,1376147
2020-03-13 09:02:45.575000000,3480.0,3506.0,3479.0,3479.0,609,3480.0,553,155467,5428488080.0,1376144
2020-03-13 09:02:46.066000000,3479.0,3506.0,3479.0,3479.0,449,3480.0,680,155743,5438091120.0,1376084
2020-03-13 09:02:46.564000000,3479.0,3506.0,3479.0,3479.0,177,3480.0,615,156129,5451521250.0,1375959
2020-03-13 09:02:47.070000000,3479.0,3506.0,3479.0,3479.0,97,3480.0,642,156421,5461680130.0,1375827
2020-03-13 09:02:47.573000000,3480.0,3506.0,3479.0,3479.0,88,3480.0,507,156858,5476886220.0,1375858
2020-03-13 09:02:48.072000000,3480.0,3506.0,3479.0,3480.0,179,3481.0,844,157622,5503471950.0,1375669
2020-03-13 09:02:48.574000000,3481.0,3506.0,3479.0,3481.0,19,3482.0,794,158713,5541446720.0,1375652
2020-03-13 09:02:49.077000000,3481.0,3506.0,3479.0,3481.0,26,3482.0,63,159750,5577552200.0,1376151
2020-03-13 09:02:49.576000000,3482.0,3506.0,3479.0,3482.0,199,3483.0,135,160321,5597437950.0,1375984
2020-03-13 09:02:50.073000000,3482.0,3506.0,3479.0,3482.0,64,3483.0,79,160911,5617986140.0,1375856
2020-03-13 09:02:50.575000000,3482.0,3506.0,3479.0,3482.0,45,3484.0,647,161313,5631986270.0,1375830
2020-03-13 09:02:51.073000000,3482.0,3506.0,3479.0,3482.0,166,3483.0,42,161428,5635991410.0,1375827
2020-03-13 09:02:51.574000000,3483.0,3506.0,3479.0,3483.0,235,3484.0,562,161644,5643515350.0,1375718
2020-03-13 09:02:52.072000000,3483.0,3506.0,3479.0,3483.0,285,3484.0,490,161768,5647834910.0,1375624
2020-03-13 09:02:52.570000000,3483.0,3506.0,3479.0,3483.0,195,3484.0,512,161887,5651979800.0,1375615
2020-03-13 09:02:53.075000000,3483.0,3506.0,3479.0,3483.0,9,3484.0,368,162344,5667898860.0,1375471
2020-03-13 09:02:53.574000000,3483.0,3506.0,3479.0,3482.0,113,3483.0,422,162649,5678521920.0,1375400
2020-03-13 09:02:54.075000000,3481.0,3506.0,3479.0,3481.0,224,3482.0,8,162971,5689735710.0,1375370
2020-03-13 09:02:54.570000000,3482.0,3506.0,3479.0,3481.0,276,3482.0,81,163061,5692869400.0,1375347
2020-03-13 09:02:55.072000000,3482.0,3506.0,3479.0,3481.0,171,3482.0,244,163146,5695828550.0,1375323
2020-03-13 09:02:55.576000000,3481.0,3506.0,3479.0,3481.0,10,3482.0,374,163284,5700632440.0,1375262
2020-03-13 09:02:56.075000000,3482.0,3506.0,3479.0,3481.0,3,3482.0,73,163976,5724726210.0,1374998
2020-03-13 09:02:56.577000000,3482.0,3506.0,3479.0,3481.0,45,3482.0,263,164064,5727789830.0,1375040
2020-03-13 09:02:57.075000000,3481.0,3506.0,3479.0,3480.0,343,3481.0,40,164212,5732942210.0,1375078
2020-03-13 09:02:57.574000000,3480.0,3506.0,3479.0,3480.0,327,3481.0,11,164548,5744638470.0,1375237
2020-03-13 09:02:58.076000000,3480.0,3506.0,3479.0,3479.0,710,3480.0,54,165214,5767815750.0,1374957
2020-03-13 09:02:58.576000000,3481.0,3506.0,3479.0,3480.0,98,3481.0,153,165401,5774323980.0,1374993
2020-03-13 09:02:59.077000000,3479.0,3506.0,3479.0,3479.0,624,3480.0,16,165565,5780031240.0,1375038
2020-03-13 09:02:59.574000000,3480.0,3506.0,3479.0,3479.0,597,3480.0,59,165737,5786016540.0,1375125
2020-03-13 09:03:00.066000000,3480.0,3506.0,3479.0,3479.0,493,3481.0,149,166079,5797917000.0,1375251
2020-03-13 09:03:00.572000000,3480.0,3506.0,3479.0,3479.0,349,3480.0,15,166411,5809469500.0,1375165
2020-03-13 09:03:01.073000000,3479.0,3506.0,3479.0,3479.0,233,3480.0,82,166603,5816149870.0,1375078
2020-03-13 09:03:01.576000000,3479.0,3506.0,3479.0,3478.0,1358,3479.0,15,167196,5836781490.0,1374960
2020-03-13 09:03:02.074000000,3479.0,3506.0,3479.0,3479.0,214,3481.0,147,167555,5849273250.0,1374908
2020-03-13 09:03:02.574000000,3481.0,3506.0,3478.0,3480.0,2,3481.0,151,167965,5863538620.0,1375115
2020-03-13 09:03:03.076000000,3479.0,3506.0,3478.0,3479.0,108,3480.0,112,168034,5865939430.0,1375121
2020-03-13 09:03:03.574000000,3479.0,3506.0,3478.0,3479.0,95,3480.0,99,168159,5870288740.0,1375094
2020-03-13 09:03:04.073000000,3479.0,3506.0,3478.0,3479.0,157,3480.0,49,168285,5874673490.0,1375066
2020-03-13 09:03:04.577000000,3479.0,3506.0,3478.0,3479.0,128,3480.0,45,168368,5877561330.0,1375044
2020-03-13 09:03:05.076000000,3479.0,3506.0,3478.0,3480.0,8,3481.0,241,168468,5881041110.0,1375054
2020-03-13 09:03:05.569000000,3479.0,3506.0,3478.0,3479.0,52,3480.0,45,168814,5893079500.0,1374961
2020-03-13 09:03:06.074000000,3480.0,3506.0,3478.0,3480.0,467,3481.0,261,169035,5900770120.0,1374991
2020-03-13 09:03:06.574000000,3480.0,3506.0,3478.0,3480.0,270,3481.0,140,169299,5909957550.0,1374981
2020-03-13 09:03:07.074000000,3479.0,3506.0,3478.0,3478.0,1546,3479.0,126,169897,5930765300.0,1374690
2020-03-13 09:03:07.570000000,3480.0,3506.0,3478.0,3479.0,428,3480.0,48,170417,5948856800.0,1374584
2020-03-13 09:03:08.066000000,3481.0,3506.0,3478.0,3480.0,252,3481.0,141,170586,5954738710.0,1374598
2020-03-13 09:03:08.573000000,3481.0,3506.0,3478.0,3480.0,272,3481.0,202,170725,5959576910.0,1374649
2020-03-13 09:03:09.076000000,3480.0,3506.0,3478.0,3480.0,19,3481.0,249,170991,5968833740.0,1374647
2020-03-13 09:03:09.577000000,3480.0,3506.0,3478.0,3479.0,12,3480.0,130,171671,5992492270.0,1374412
2020-03-13 09:03:10.072000000,3479.0,3506.0,3478.0,3479.0,16,3480.0,287,171775,5996110360.0,1374379
2020-03-13 09:03:10.569000000,3480.0,3506.0,3478.0,3478.0,1532,3480.0,244,172145,6008983630.0,1374264
2020-03-13 09:03:11.075000000,3479.0,3506.0,3478.0,3478.0,1536,3479.0,358,172213,6011349230.0,1374211
2020-03-13 09:03:11.575000000,3478.0,3506.0,3478.0,3478.0,1498,3479.0,146,172545,6022899140.0,1374166
2020-03-13 09:03:12.072000000,3480.0,3506.0,3478.0,3479.0,216,3480.0,221,172961,6037372560.0,1373932
2020-03-13 09:03:12.576000000,3479.0,3506.0,3478.0,3478.0,1415,3479.0,267,173297,6049062130.0,1373791
2020-03-13 09:03:13.073000000,3479.0,3506.0,3478.0,3478.0,1533,3479.0,49,173635,6060820700.0,1374052
2020-03-13 09:03:13.570000000,3479.0,3506.0,3478.0,3479.0,120,3480.0,236,173938,6071360200.0,1373789
2020-03-13 09:03:14.073000000,3479.0,3506.0,3478.0,3478.0,1334,3479.0,120,174103,6077100630.0,1373696
2020-03-13 09:03:14.570000000,3478.0,3506.0,3478.0,3478.0,1320,3479.0,261,174426,6088337590.0,1373557
2020-03-13 09:03:15.073000000,3479.0,3506.0,3478.0,3478.0,1308,3479.0,243,174513,6091364110.0,1373512
2020-03-13 09:03:15.576000000,3479.0,3506.0,3478.0,3478.0,1324,3479.0,287,174538,6092233750.0,1373497
2020-03-13 09:03:16.071000000,3478.0,3506.0,3478.0,3478.0,1001,3479.0,240,174927,6105763770.0,1373404
2020-03-13 09:03:16.574000000,3479.0,3506.0,3478.0,3478.0,829,3479.0,262,175132,6112894040.0,1373295
2020-03-13 09:03:17.072000000,3478.0,3506.0,3477.0,3477.0,1155,3478.0,69,176020,6143778840.0,1373239
2020-03-13 09:03:17.576000000,3478.0,3506.0,3477.0,3477.0,1128,3478.0,399,176056,6145030680.0,1373221
2020-03-13 09:03:18.071000000,3478.0,3506.0,3477.0,3477.0,1106,3478.0,43,176451,6158768450.0,1373379
2020-03-13 09:03:18.567000000,3478.0,3506.0,3477.0,3477.0,1114,3478.0,248,176864,6173132600.0,1373555
2020-03-13 09:03:19.073000000,3478.0,3506.0,3477.0,3478.0,59,3479.0,461,177227,6185757720.0,1373605
2020-03-13 09:03:19.566000000,3478.0,3506.0,3477.0,3478.0,102,3479.0,474,177614,6199215380.0,1373577
2020-03-13 09:03:20.076000000,3478.0,3506.0,3477.0,3478.0,28,3479.0,512,178138,6217436640.0,1373309
2020-03-13 09:03:20.566000000,3478.0,3506.0,3477.0,3477.0,558,3478.0,145,178261,6221714040.0,1373372
2020-03-13 09:03:21.069000000,3477.0,3506.0,3477.0,3477.0,563,3479.0,357,178638,6234827920.0,1373532
2020-03-13 09:03:21.576000000,3479.0,3506.0,3477.0,3478.0,41,3479.0,393,178975,6246546410.0,1373337
2020-03-13 09:03:22.075000000,3478.0,3506.0,3477.0,3477.0,339,3478.0,39,179073,6249954770.0,1373276
2020-03-13 09:03:22.572000000,3478.0,3506.0,3477.0,3478.0,8,3479.0,394,179207,6254615140.0,1373274
2020-03-13 09:03:23.076000000,3478.0,3506.0,3477.0,3477.0,326,3478.0,269,179255,6256284550.0,1373263
2020-03-13 09:03:23.575000000,3478.0,3506.0,3477.0,3477.0,319,3478.0,259,179362,6260005550.0,1373242
2020-03-13 09:03:24.069000000,3478.0,3506.0,3477.0,3477.0,315,3478.0,13,179655,6270195920.0,1373019
2020-03-13 09:03:24.574000000,3478.0,3506.0,3477.0,3478.0,281,3479.0,546,179762,6273917790.0,1372999
2020-03-13 09:03:25.075000000,3478.0,3506.0,3477.0,3478.0,378,3479.0,233,180016,6282754160.0,1373032
2020-03-13 09:03:25.572000000,3479.0,3506.0,3477.0,3479.0,142,3480.0,553,180305,6292808460.0,1372972
2020-03-13 09:03:26.076000000,3480.0,3506.0,3477.0,3479.0,12,3480.0,522,180601,6303105860.0,1372924
2020-03-13 09:03:26.566000000,3479.0,3506.0,3477.0,3478.0,500,3479.0,77,180861,6312151140.0,1372771
2020-03-13 09:03:27.075000000,3479.0,3506.0,3477.0,3478.0,493,3479.0,70,181113,6320918050.0,1372752
2020-03-13 09:03:27.572000000,3479.0,3506.0,3477.0,3478.0,529,3479.0,122,181276,6326588750.0,1372745
2020-03-13 09:03:28.077000000,3479.0,3506.0,3477.0,3479.0,24,3480.0,754,181435,6332120250.0,1372643
2020-03-13 09:03:28.575000000,3478.0,3506.0,3477.0,3478.0,452,3479.0,271,181670,6340295370.0,1372584
2020-03-13 09:03:29.061000000,3480.0,3506.0,3477.0,3479.0,260,3480.0,760,182392,6365413690.0,1372521
2020-03-13 09:03:29.569000000,3480.0,3506.0,3477.0,3480.0,142,3481.0,383,183575,6406579670.0,1372121
2020-03-13 09:03:30.061000000,3480.0,3506.0,3477.0,3479.0,154,3480.0,3,183878,6417123650.0,1371990
2020-03-13 09:03:30.575000000,3479.0,3506.0,3477.0,3478.0,26,3479.0,322,184840,6450587820.0,1371699
2020-03-13 09:03:31.066000000,3479.0,3506.0,3477.0,3478.0,3,3479.0,572,185049,6457857170.0,1371700
2020-03-13 09:03:31.566000000,3478.0,3506.0,3477.0,3477.0,425,3478.0,17,185183,6462517360.0,1371689
2020-03-13 09:03:32.075000000,3478.0,3506.0,3477.0,3477.0,408,3478.0,34,185344,6468117240.0,1371624
2020-03-13 09:03:32.568000000,3479.0,3506.0,3477.0,3478.0,1189,3479.0,590,185425,6470934730.0,1371585
2020-03-13 09:03:33.074000000,3478.0,3506.0,3477.0,3478.0,1156,3479.0,478,185517,6474134820.0,1371564
2020-03-13 09:03:33.576000000,3478.0,3506.0,3477.0,3478.0,1032,3479.0,460,185771,6482969220.0,1371333
2020-03-13 09:03:34.065000000,3479.0,3506.0,3477.0,3478.0,982,3479.0,456,185875,6486586670.0,1371309
2020-03-13 09:03:34.567000000,3479.0,3506.0,3477.0,3478.0,925,3479.0,437,185999,6490899730.0,1371225
2020-03-13 09:03:35.069000000,3479.0,3506.0,3477.0,3478.0,893,3479.0,367,186115,6494935020.0,1371175
2020-03-13 09:03:35.570000000,3478.0,3506.0,3477.0,3478.0,409,3479.0,204,186895,6522066160.0,1370534
2020-03-13 09:03:36.074000000,3478.0,3506.0,3477.0,3478.0,334,3479.0,423,186995,6525544300.0,1370598
2020-03-13 09:03:36.577000000,3478.0,3506.0,3477.0,3477.0,557,3478.0,3,187419,6540291000.0,1370384
2020-03-13 09:03:37.070000000,3478.0,3506.0,3477.0,3477.0,64,3478.0,1,188030,6561536500.0,1370175
2020-03-13 09:03:37.573000000,3477.0,3506.0,3477.0,3477.0,44,3478.0,374,188157,6565953120.0,1370141
2020-03-13 09:03:38.075000000,3478.0,3506.0,3476.0,3477.0,5,3478.0,389,188256,6569395530.0,1370124
2020-03-13 09:03:38.569000000,3477.0,3506.0,3476.0,3477.0,1,3478.0,89,188603,6581463840.0,1370207
2020-03-13 09:03:39.051000000,3478.0,3506.0,3476.0,3478.0,51,3479.0,711,188987,6594820920.0,1370319
2020-03-13 09:03:39.574000000,3479.0,3506.0,3476.0,3479.0,60,3480.0,256,189848,6624774020.0,1370206
2020-03-13 09:03:40.074000000,3479.0,3506.0,3476.0,3479.0,363,3481.0,362,190035,6631281300.0,1370351
2020-03-13 09:03:40.572000000,3479.0,3506.0,3476.0,3479.0,779,3480.0,14,190311,6640884590.0,1370186
2020-03-13 09:03:41.074000000,3480.0,3506.0,3476.0,3479.0,628,3480.0,149,190503,6647566200.0,1370153
2020-03-13 09:03:41.576000000,3480.0,3506.0,3476.0,3479.0,583,3480.0,136,190608,6651219760.0,1370121
2020-03-13 09:03:42.068000000,3480.0,3506.0,3476.0,3479.0,364,3480.0,163,190843,6659395640.0,1370121
2020-03-13 09:03:42.573000000,3480.0,3506.0,3476.0,3480.0,793,3481.0,313,191093,6668095570.0,1370194
2020-03-13 09:03:43.071000000,3480.0,3506.0,3476.0,3480.0,577,3481.0,393,191613,6686191570.0,1370197
2020-03-13 09:03:43.577000000,3480.0,3506.0,3476.0,3480.0,707,3481.0,179,192035,6700879650.0,1370425
2020-03-13 09:03:44.075000000,3481.0,3506.0,3476.0,3481.0,458,3482.0,427,192282,6709477420.0,1370477
2020-03-13 09:03:44.575000000,3481.0,3506.0,3476.0,3481.0,504,3483.0,226,192627,6721489670.0,1370532
2020-03-13 09:03:45.074000000,3481.0,3506.0,3476.0,3481.0,234,3482.0,1,193119,6738617840.0,1370587
2020-03-13 09:03:45.576000000,3481.0,3506.0,3476.0,3481.0,155,3482.0,144,193207,6741681230.0,1370642
2020-03-13 09:03:46.075000000,3482.0,3506.0,3476.0,3480.0,772,3482.0,315,193380,6747703720.0,1370698
2020-03-13 09:03:46.567000000,3482.0,3506.0,3476.0,3481.0,17,3482.0,139,193925,6766674310.0,1370883
2020-03-13 09:03:47.070000000,3481.0,3506.0,3476.0,3480.0,493,3481.0,269,194105,6772940290.0,1370803
2020-03-13 09:03:47.576000000,3481.0,3506.0,3476.0,3480.0,651,3481.0,197,194233,6777395890.0,1370784
2020-03-13 09:03:48.069000000,3481.0,3506.0,3476.0,3480.0,744,3481.0,54,194385,6782686940.0,1370896
2020-03-13 09:03:48.575000000,3481.0,3506.0,3476.0,3481.0,204,3482.0,138,194465,6785471830.0,1370882
2020-03-13 09:03:49.072000000,3481.0,3506.0,3476.0,3481.0,389,3482.0,99,194490,6786342130.0,1370874
2020-03-13 09:03:49.574000000,3483.0,3506.0,3476.0,3482.0,25,3483.0,220,194666,6792469740.0,1370765
2020-03-13 09:03:50.076000000,3482.0,3506.0,3476.0,3482.0,66,3483.0,170,194831,6798216010.0,1370849
2020-03-13 09:03:50.559000000,3483.0,3506.0,3476.0,3482.0,161,3483.0,139,195074,6806677350.0,1370894
2020-03-13 09:03:51.075000000,3483.0,3506.0,3476.0,3482.0,231,3483.0,164,195140,6808975720.0,1370856
2020-03-13 09:03:51.574000000,3483.0,3506.0,3476.0,3482.0,242,3483.0,189,195239,6812423740.0,1370837
2020-03-13 09:03:52.076000000,3483.0,3506.0,3476.0,3482.0,278,3483.0,186,195297,6814443730.0,1370817
2020-03-13 09:03:52.572000000,3483.0,3506.0,3476.0,3482.0,253,3483.0,76,195565,6823777780.0,1370700
2020-03-13 09:03:53.076000000,3483.0,3506.0,3476.0,3483.0,14,3484.0,459,195697,6828375080.0,1370681
2020-03-13 09:03:53.575000000,3484.0,3506.0,3476.0,3483.0,1,3484.0,395,195790,6831614170.0,1370649
2020-03-13 09:03:54.062000000,3483.0,3506.0,3476.0,3483.0,538,3484.0,395,195928,6836419740.0,1370658
2020-03-13 09:03:54.564000000,3483.0,3506.0,3476.0,3483.0,693,3484.0,185,196093,6842168300.0,1370551
2020-03-13 09:03:55.057000000,3484.0,3506.0,3476.0,3484.0,4,3485.0,442,196331,6850460030.0,1370471
2020-03-13 09:03:55.572000000,3485.0,3506.0,3476.0,3484.0,81,3485.0,415,196453,6854711190.0,1370446
2020-03-13 09:03:56.066000000,3484.0,3506.0,3476.0,3484.0,574,3485.0,366,196513,6856802040.0,1370468
2020-03-13 09:03:56.572000000,3485.0,3506.0,3476.0,3485.0,32,3486.0,305,196883,6869696660.0,1370675
2020-03-13 09:03:57.076000000,3486.0,3506.0,3476.0,3486.0,225,3487.0,271,197531,6892283620.0,1370243
2020-03-13 09:03:57.568000000,3486.0,3506.0,3476.0,3486.0,54,3487.0,101,198025,6909506120.0,1369865
2020-03-13 09:03:58.076000000,3487.0,3506.0,3476.0,3486.0,189,3487.0,433,198085,6911598030.0,1369864
2020-03-13 09:03:58.574000000,3486.0,3506.0,3476.0,3486.0,238,3487.0,72,198508,6926347900.0,1369571
2020-03-13 09:03:59.066000000,3487.0,3506.0,3476.0,3487.0,148,3488.0,696,198588,6929137520.0,1369614
2020-03-13 09:03:59.576000000,3487.0,3506.0,3476.0,3487.0,12,3488.0,611,199001,6943540030.0,1369388
2020-03-13 09:04:00.076000000,3488.0,3506.0,3476.0,3487.0,107,3488.0,368,199498,6960873280.0,1369057
2020-03-13 09:04:00.574000000,3488.0,3506.0,3476.0,3488.0,51,3489.0,134,200071,6980859910.0,1368982
2020-03-13 09:04:01.066000000,3488.0,3506.0,3476.0,3488.0,154,3489.0,176,200433,6993486570.0,1368941
2020-03-13 09:04:01.570000000,3489.0,3506.0,3476.0,3488.0,151,3489.0,231,200511,6996207680.0,1368966
2020-03-13 09:04:02.073000000,3488.0,3506.0,3476.0,3488.0,581,3489.0,255,200693,7002556180.0,1369029
2020-03-13 09:04:02.571000000,3489.0,3506.0,3476.0,3488.0,410,3489.0,56,201007,7013509430.0,1369224
2020-03-13 09:04:03.067000000,3488.0,3506.0,3476.0,3488.0,416,3489.0,128,201040,7014660700.0,1369218
2020-03-13 09:04:03.573000000,3489.0,3506.0,3476.0,3488.0,442,3489.0,206,201090,7016405010.0,1369229
2020-03-13 09:04:04.067000000,3489.0,3506.0,3476.0,3488.0,479,3489.0,258,201206,7020452150.0,1369283
2020-03-13 09:04:04.576000000,3489.0,3506.0,3476.0,3488.0,451,3489.0,262,201352,7025545610.0,1369358
2020-03-13 09:04:05.072000000,3489.0,3506.0,3476.0,3488.0,425,3489.0,329,201442,7028685520.0,1369345
2020-03-13 09:04:05.574000000,3488.0,3506.0,3476.0,3488.0,389,3490.0,682,201916,7045223020.0,1369121
2020-03-13 09:04:06.070000000,3489.0,3506.0,3476.0,3488.0,408,3489.0,212,202040,7049549340.0,1369098
2020-03-13 09:04:06.560000000,3488.0,3506.0,3476.0,3488.0,190,3489.0,127,202435,7063328810.0,1369250
2020-03-13 09:04:07.068000000,3488.0,3506.0,3476.0,3488.0,103,3490.0,658,202747,7074214040.0,1369097
2020-03-13 09:04:07.576000000,3490.0,3506.0,3476.0,3489.0,285,3490.0,697,202947,7081191220.0,1369114
2020-03-13 09:04:08.071000000,3489.0,3506.0,3476.0,3489.0,289,3490.0,633,203046,7084645860.0,1369089
2020-03-13 09:04:08.569000000,3489.0,3506.0,3476.0,3489.0,284,3490.0,628,203165,7088798530.0,1369164
2020-03-13 09:04:09.076000000,3490.0,3506.0,3476.0,3489.0,228,3490.0,608,203272,7092532190.0,1369190
2020-03-13 09:04:09.571000000,3490.0,3506.0,3476.0,3489.0,112,3490.0,522,204041,7119363880.0,1369212
2020-03-13 09:04:10.077000000,3489.0,3506.0,3476.0,3488.0,190,3489.0,214,204305,7128574840.0,1369127
2020-03-13 09:04:10.577000000,3490.0,3506.0,3476.0,3489.0,153,3490.0,432,204773,7144904040.0,1369239
2020-03-13 09:04:11.077000000,3490.0,3506.0,3476.0,3489.0,376,3490.0,435,204893,7149091540.0,1369271
2020-03-13 09:04:11.574000000,3489.0,3506.0,3476.0,3489.0,393,3490.0,381,205054,7154709660.0,1369343
2020-03-13 09:04:12.072000000,3489.0,3506.0,3476.0,3489.0,909,3490.0,106,205357,7165284130.0,1369533
2020-03-13 09:04:12.573000000,3490.0,3506.0,3476.0,3490.0,162,3491.0,231,205490,7169925830.0,1369556
2020-03-13 09:04:13.077000000,3490.0,3506.0,3476.0,3489.0,924,3490.0,8,205792,7180465650.0,1369559
2020-03-13 09:04:13.575000000,3490.0,3506.0,3476.0,3489.0,922,3490.0,131,205867,7183082930.0,1369563
2020-03-13 09:04:14.071000000,3490.0,3506.0,3476.0,3489.0,888,3490.0,42,206167,7193553440.0,1369450
2020-03-13 09:04:14.575000000,3490.0,3506.0,3476.0,3490.0,215,3491.0,214,206329,7199207440.0,1369447
2020-03-13 09:04:15.061000000,3491.0,3506.0,3476.0,3490.0,291,3491.0,71,206412,7202104690.0,1369401
2020-03-13 09:04:15.559000000,3491.0,3506.0,3476.0,3490.0,417,3491.0,4,206538,7206503230.0,1369417
2020-03-13 09:04:16.076000000,3490.0,3506.0,3476.0,3491.0,1,3492.0,380,206620,7209365810.0,1369414
2020-03-13 09:04:16.577000000,3491.0,3506.0,3476.0,3491.0,121,3492.0,330,206677,7211355790.0,1369454
2020-03-13 09:04:17.071000000,3492.0,3506.0,3476.0,3491.0,169,3492.0,304,206706,7212368260.0,1369463
2020-03-13 09:04:17.575000000,3492.0,3506.0,3476.0,3491.0,167,3492.0,235,206855,7217570890.0,1369441
2020-03-13 09:04:18.074000000,3492.0,3506.0,3476.0,3491.0,260,3492.0,109,206991,7222319900.0,1369420
2020-03-13 09:04:18.569000000,3491.0,3506.0,3476.0,3491.0,329,3492.0,136,207034,7223821350.0,1369418
2020-03-13 09:04:19.077000000,3491.0,3506.0,3476.0,3491.0,295,3492.0,73,207146,7227732010.0,1369363
2020-03-13 09:04:19.574000000,3491.0,3506.0,3476.0,3491.0,168,3492.0,134,207416,7237158330.0,1369183
2020-03-13 09:04:20.077000000,3492.0,3506.0,3476.0,3492.0,4,3493.0,255,207710,7247423910.0,1369120
2020-03-13 09:04:20.575000000,3491.0,3506.0,3476.0,3490.0,752,3491.0,102,208120,7261739540.0,1369120
2020-03-13 09:04:21.077000000,3491.0,3506.0,3476.0,3490.0,712,3491.0,260,208322,7268790470.0,1369024
2020-03-13 09:04:21.570000000,3490.0,3506.0,3476.0,3490.0,702,3491.0,296,208554,7276889540.0,1369027
2020-03-13 09:04:22.066000000,3490.0,3506.0,3476.0,3490.0,610,3491.0,500,208699,7281950420.0,1369058
2020-03-13 09:04:22.566000000,3490.0,3506.0,3476.0,3490.0,424,3491.0,503,208918,7289594420.0,1369012
2020-03-13 09:04:23.075000000,3490.0,3506.0,3476.0,3489.0,1105,3490.0,61,209371,7305404260.0,1368786
2020-03-13 09:04:23.574000000,3490.0,3506.0,3476.0,3489.0,1081,3490.0,106,209704,7317025840.0,1368920
2020-03-13 09:04:24.074000000,3490.0,3506.0,3476.0,3489.0,1095,3490.0,21,209861,7322505180.0,1368778
2020-03-13 09:04:24.565000000,3490.0,3506.0,3476.0,3489.0,1108,3490.0,18,210012,7327775000.0,1368735
2020-03-13 09:04:25.076000000,3489.0,3506.0,3476.0,3489.0,1099,3490.0,239,210110,7331195110.0,1368769
2020-03-13 09:04:25.577000000,3490.0,3506.0,3476.0,3489.0,1055,3490.0,229,210196,7334196390.0,1368796
2020-03-13 09:04:26.076000000,3489.0,3506.0,3476.0,3488.0,172,3490.0,103,211476,7378857760.0,1368775
2020-03-13 09:04:26.566000000,3488.0,3506.0,3476.0,3488.0,200,3489.0,98,211580,7382485620.0,1368781
2020-03-13 09:04:27.077000000,3489.0,3506.0,3476.0,3489.0,5,3490.0,308,211841,7391592250.0,1368634
2020-03-13 09:04:27.576000000,3490.0,3506.0,3476.0,3490.0,1058,3491.0,513,212255,7406040430.0,1368818
2020-03-13 09:04:28.074000000,3491.0,3506.0,3476.0,3491.0,132,3492.0,259,212709,7421889560.0,1368626
2020-03-13 09:04:28.576000000,3491.0,3506.0,3476.0,3491.0,369,3492.0,247,212806,7425276000.0,1368617
2020-03-13 09:04:29.070000000,3491.0,3506.0,3476.0,3491.0,254,3492.0,57,213202,7439102260.0,1368594
2020-03-13 09:04:29.576000000,3492.0,3506.0,3476.0,3491.0,181,3492.0,47,213386,7445526370.0,1368555
2020-03-13 09:04:30.075000000,3492.0,3506.0,3476.0,3491.0,77,3492.0,143,213570,7451949900.0,1368600
2020-03-13 09:04:30.576000000,3491.0,3506.0,3476.0,3490.0,1266,3491.0,210,213751,7458268500.0,1368683
2020-03-13 09:04:31.075000000,3490.0,3506.0,3476.0,3490.0,1254,3491.0,731,213786,7459490160.0,1368688
2020-03-13 09:04:31.577000000,3491.0,3506.0,3476.0,3490.0,1209,3491.0,1088,213904,7463609500.0,1368670
2020-03-13 09:04:32.071000000,3491.0,3506.0,3476.0,3490.0,1216,3491.0,1032,213962,7465634270.0,1368626
2020-03-13 09:04:32.567000000,3491.0,3506.0,3476.0,3490.0,1227,3491.0,1049,213991,7466646410.0,1368647
2020-03-13 09:04:33.052000000,3490.0,3506.0,3476.0,3490.0,1210,3491.0,1266,214045,7468531270.0,1368657
2020-03-13 09:04:33.576000000,3491.0,3506.0,3476.0,3490.0,1171,3491.0,1344,214158,7472475610.0,1368705
2020-03-13 09:04:34.070000000,3489.0,3506.0,3476.0,3489.0,264,3490.0,1,215388,7515403050.0,1369659
2020-03-13 09:04:34.574000000,3490.0,3506.0,3476.0,3489.0,249,3490.0,600,215488,7518892970.0,1369639
2020-03-13 09:04:35.070000000,3489.0,3506.0,3476.0,3489.0,71,3490.0,620,215797,7529673980.0,1369630
2020-03-13 09:04:35.574000000,3489.0,3506.0,3476.0,3488.0,287,3489.0,126,215994,7536547310.0,1369720
2020-03-13 09:04:36.062000000,3490.0,3506.0,3476.0,3489.0,81,3490.0,451,216193,7543491020.0,1369772
2020-03-13 09:04:36.577000000,3490.0,3506.0,3476.0,3489.0,366,3490.0,196,216470,7553158180.0,1369844
2020-03-13 09:04:37.069000000,3490.0,3506.0,3476.0,3490.0,189,3491.0,1025,216675,7560312680.0,1369794
2020-03-13 09:04:37.574000000,3491.0,3506.0,3476.0,3490.0,228,3491.0,1028,216688,7560766400.0,1369805
2020-03-13 09:04:38.063000000,3490.0,3506.0,3476.0,3490.0,301,3491.0,856,216964,7570400830.0,1369653
2020-03-13 09:04:38.571000000,3490.0,3506.0,3476.0,3490.0,286,3491.0,1062,217014,7572145910.0,1369634
2020-03-13 09:04:39.072000000,3490.0,3506.0,3476.0,3490.0,298,3491.0,839,217285,7581606410.0,1369500
2020-03-13 09:04:39.571000000,3491.0,3506.0,3476.0,3490.0,316,3491.0,636,217504,7589251580.0,1369420
2020-03-13 09:04:40.072000000,3490.0,3506.0,3476.0,3490.0,328,3491.0,716,217631,7593684970.0,1369330
2020-03-13 09:04:40.577000000,3490.0,3506.0,3476.0,3490.0,223,3491.0,732,217949,7604785250.0,1369163
2020-03-13 09:04:41.071000000,3491.0,3506.0,3476.0,3490.0,653,3491.0,768,217996,7606425600.0,1369171
2020-03-13 09:04:41.572000000,3490.0,3506.0,3476.0,3490.0,690,3491.0,551,218220,7614245320.0,1369374
2020-03-13 09:04:42.072000000,3491.0,3506.0,3476.0,3490.0,592,3491.0,301,218581,7626846580.0,1369208
2020-03-13 09:04:42.564000000,3491.0,3506.0,3476.0,3491.0,545,3492.0,638,218978,7640705850.0,1368930
2020-03-13 09:04:43.075000000,3491.0,3506.0,3476.0,3491.0,546,3492.0,603,219263,7650655350.0,1368704
2020-03-13 09:04:43.566000000,3491.0,3506.0,3476.0,3491.0,549,3492.0,422,219473,7657988460.0,1368538
2020-03-13 09:04:44.073000000,3492.0,3506.0,3476.0,3491.0,510,3492.0,424,219596,7662282490.0,1368590
2020-03-13 09:04:44.559000000,3491.0,3506.0,3476.0,3491.0,458,3492.0,255,219868,7671780160.0,1368581
2020-03-13 09:04:45.073000000,3492.0,3506.0,3476.0,3491.0,427,3492.0,189,220097,7679775090.0,1368422
2020-03-13 09:04:45.576000000,3491.0,3506.0,3476.0,3490.0,626,3491.0,91,220763,7703027190.0,1368112
2020-03-13 09:04:46.071000000,3491.0,3506.0,3476.0,3491.0,256,3492.0,72,220924,7708648340.0,1368088
2020-03-13 09:04:46.564000000,3492.0,3506.0,3476.0,3492.0,107,3493.0,667,221142,7716259860.0,1367961
2020-03-13 09:04:47.068000000,3491.0,3506.0,3476.0,3491.0,15,3492.0,83,221645,7733821060.0,1367743
2020-03-13 09:04:47.566000000,3491.0,3506.0,3476.0,3491.0,89,3492.0,322,221685,7735217630.0,1367744
2020-03-13 09:04:48.077000000,3492.0,3506.0,3476.0,3491.0,73,3492.0,284,221841,7740664050.0,1367685
2020-03-13 09:04:48.575000000,3492.0,3506.0,3476.0,3491.0,79,3492.0,14,222245,7754771250.0,1367561
2020-03-13 09:04:49.077000000,3492.0,3506.0,3476.0,3492.0,5,3493.0,667,222374,7759275920.0,1367470
2020-03-13 09:04:49.574000000,3492.0,3506.0,3476.0,3492.0,364,3493.0,685,222408,7760463200.0,1367496
2020-03-13 09:04:50.069000000,3492.0,3506.0,3476.0,3492.0,421,3494.0,1219,222954,7779534830.0,1367332
2020-03-13 09:04:50.577000000,3493.0,3506.0,3476.0,3493.0,98,3494.0,1242,222993,7780897220.0,1367332
2020-03-13 09:04:51.075000000,3494.0,3506.0,3476.0,3493.0,119,3494.0,1014,223252,7789946520.0,1367340
2020-03-13 09:04:51.566000000,3493.0,3506.0,3476.0,3493.0,276,3494.0,758,223606,7802314250.0,1367348
2020-03-13 09:04:52.077000000,3493.0,3506.0,3476.0,3493.0,345,3494.0,734,223783,7808497820.0,1367358
2020-03-13 09:04:52.573000000,3493.0,3506.0,3476.0,3493.0,386,3494.0,435,224106,7819783350.0,1367616
2020-03-13 09:04:53.075000000,3494.0,3506.0,3476.0,3494.0,321,3495.0,271,224570,7835995510.0,1367757
2020-03-13 09:04:53.577000000,3494.0,3506.0,3476.0,3494.0,389,3495.0,117,224800,7844033500.0,1367841
2020-03-13 09:04:54.075000000,3494.0,3506.0,3476.0,3495.0,1,3496.0,386,225139,7855881160.0,1367805
2020-03-13 09:04:54.575000000,3496.0,3506.0,3476.0,3495.0,92,3496.0,594,225449,7866715720.0,1367795
2020-03-13 09:04:55.071000000,3496.0,3506.0,3476.0,3495.0,9,3496.0,147,226319,7897127300.0,1367672
2020-03-13 09:04:55.571000000,3496.0,3506.0,3476.0,3496.0,257,3497.0,224,226822,7914711960.0,1367255
2020-03-13 09:04:56.077000000,3497.0,3506.0,3476.0,3496.0,4,3497.0,197,227247,7929570330.0,1367153
2020-03-13 09:04:56.575000000,3495.0,3506.0,3476.0,3495.0,197,3496.0,7,227449,7936632080.0,1367071
2020-03-13 09:04:57.077000000,3496.0,3506.0,3476.0,3495.0,5,3496.0,93,227987,7955435430.0,1366936
2020-03-13 09:04:57.576000000,3495.0,3506.0,3476.0,3494.0,372,3496.0,104,228329,7967390980.0,1366913
2020-03-13 09:04:58.072000000,3494.0,3506.0,3476.0,3494.0,467,3495.0,2,228419,7970536820.0,1366929
2020-03-13 09:04:58.572000000,3495.0,3506.0,3476.0,3494.0,456,3495.0,109,228502,7973437610.0,1366931
2020-03-13 09:04:59.075000000,3496.0,3506.0,3476.0,3495.0,15,3496.0,57,228849,7985567510.0,1366920
2020-03-13 09:04:59.576000000,3496.0,3506.0,3476.0,3495.0,257,3496.0,22,228990,7990496230.0,1366873
2020-03-13 09:05:00.074000000,3496.0,3506.0,3476.0,3495.0,464,3496.0,12,229051,7992628580.0,1366841
2020-03-13 09:05:00.576000000,3496.0,3506.0,3476.0,3496.0,5,3497.0,383,229247,7999480330.0,1366889
2020-03-13 09:05:01.074000000,3495.0,3506.0,3476.0,3495.0,544,3496.0,34,229420,8005527230.0,1366886
2020-03-13 09:05:01.567000000,3495.0,3506.0,3476.0,3494.0,465,3495.0,844,230079,8028559880.0,1366414
2020-03-13 09:05:02.068000000,3493.0,3506.0,3476.0,3493.0,382,3494.0,3,231025,8061618250.0,1365794
2020-03-13 09:05:02.573000000,3493.0,3506.0,3476.0,3493.0,332,3494.0,21,231241,8069164730.0,1365761
2020-03-13 09:05:03.077000000,3493.0,3506.0,3476.0,3493.0,304,3494.0,33,231305,8071400820.0,1365750
2020-03-13 09:05:03.572000000,3495.0,3506.0,3476.0,3494.0,95,3495.0,368,231513,8078668350.0,1365667
2020-03-13 09:05:04.073000000,3493.0,3506.0,3476.0,3493.0,286,3494.0,57,231747,8086844210.0,1365487
2020-03-13 09:05:04.568000000,3493.0,3506.0,3476.0,3493.0,153,3494.0,26,232132,8100295290.0,1365450
2020-03-13 09:05:05.042000000,3493.0,3506.0,3476.0,3492.0,332,3493.0,243,232439,8111018930.0,1365597
2020-03-13 09:05:05.570000000,3493.0,3506.0,3476.0,3492.0,246,3493.0,322,232483,8112555790.0,1365620
2020-03-13 09:05:06.074000000,3492.0,3506.0,3476.0,3492.0,170,3493.0,376,232561,8115279740.0,1365647
2020-03-13 09:05:06.569000000,3492.0,3506.0,3476.0,3491.0,950,3492.0,31,232728,8121111450.0,1365737
2020-03-13 09:05:07.068000000,3491.0,3506.0,3476.0,3491.0,1092,3492.0,160,232936,8128373320.0,1365719
2020-03-13 09:05:07.575000000,3491.0,3506.0,3476.0,3491.0,751,3492.0,442,233064,8132842970.0,1365618
2020-03-13 09:05:08.077000000,3492.0,3506.0,3476.0,3491.0,376,3492.0,553,233553,8149914090.0,1365628
2020-03-13 09:05:08.568000000,3491.0,3506.0,3476.0,3490.0,357,3491.0,797,233948,8163703540.0,1365468
2020-03-13 09:05:09.077000000,3490.0,3506.0,3476.0,3490.0,59,3491.0,853,234481,8182305470.0,1365737
2020-03-13 09:05:09.566000000,3490.0,3506.0,3476.0,3489.0,416,3490.0,452,234630,8187505570.0,1365832
2020-03-13 09:05:10.077000000,3489.0,3506.0,3476.0,3489.0,371,3490.0,248,234901,8196963390.0,1365769
2020-03-13 09:05:10.572000000,3490.0,3506.0,3476.0,3489.0,907,3490.0,6,235225,8208271170.0,1365631
2020-03-13 09:05:11.077000000,3490.0,3506.0,3476.0,3490.0,222,3491.0,547,235335,8212110200.0,1365612
2020-03-13 09:05:11.575000000,3491.0,3506.0,3476.0,3490.0,301,3491.0,592,235951,8233606560.0,1365890
2020-03-13 09:05:12.076000000,3490.0,3506.0,3476.0,3490.0,71,3491.0,671,236222,8243064480.0,1366000
2020-03-13 09:05:12.577000000,3490.0,3506.0,3476.0,3489.0,337,3490.0,176,236383,8248683110.0,1365955
2020-03-13 09:05:13.077000000,3489.0,3506.0,3476.0,3489.0,330,3490.0,233,236402,8249346170.0,1365960
2020-03-13 09:05:13.576000000,3490.0,3506.0,3476.0,3489.0,107,3490.0,310,236623,8257056890.0,1365947
2020-03-13 09:05:14.066000000,3490.0,3506.0,3476.0,3488.0,369,3489.0,1,237084,8273141440.0,1366088
2020-03-13 09:05:14.571000000,3489.0,3506.0,3476.0,3488.0,469,3489.0,65,237167,8276037850.0,1366104
2020-03-13 09:05:15.077000000,3489.0,3506.0,3476.0,3488.0,405,3490.0,226,237312,8281097060.0,1366172
2020-03-13 09:05:15.570000000,3488.0,3506.0,3476.0,3488.0,396,3489.0,20,237353,8282527640.0,1366166
2020-03-13 09:05:16.076000000,3488.0,3506.0,3476.0,3488.0,385,3489.0,13,237427,8285109100.0,1366150
2020-03-13 09:05:16.569000000,3489.0,3506.0,3476.0,3489.0,217,3490.0,286,237536,8288912130.0,1366224
2020-03-13 09:05:17.068000000,3489.0,3506.0,3476.0,3489.0,136,3490.0,240,237699,8294599400.0,1366284
2020-03-13 09:05:17.568000000,3490.0,3506.0,3476.0,3489.0,114,3490.0,262,237715,8295157690.0,1366299
2020-03-13 09:05:18.074000000,3489.0,3506.0,3476.0,3489.0,470,3490.0,283,238254,8313959510.0,1366572
2020-03-13 09:05:18.565000000,3489.0,3506.0,3476.0,3489.0,397,3490.0,374,238340,8316960120.0,1366631
2020-03-13 09:05:19.071000000,3489.0,3506.0,3476.0,3489.0,33,3490.0,378,238756,8331474550.0,1366808
2020-03-13 09:05:19.564000000,3489.0,3506.0,3476.0,3488.0,133,3489.0,362,238830,8334056390.0,1366816
2020-03-13 09:05:20.075000000,3489.0,3506.0,3476.0,3489.0,40,3490.0,375,239307,8350698930.0,1366947
2020-03-13 09:05:20.577000000,3490.0,3506.0,3476.0,3489.0,192,3490.0,374,239363,8352652890.0,1366991
2020-03-13 09:05:21.077000000,3489.0,3506.0,3476.0,3489.0,320,3490.0,364,239400,8353943830.0,1366986
2020-03-13 09:05:21.571000000,3489.0,3506.0,3476.0,3489.0,738,3490.0,348,239560,8359526280.0,1366995
2020-03-13 09:05:22.069000000,3490.0,3506.0,3476.0,3490.0,89,3491.0,272,239949,8373102360.0,1366737
2020-03-13 09:05:22.570000000,3490.0,3506.0,3476.0,3490.0,331,3491.0,332,239958,8373416460.0,1366737
2020-03-13 09:05:23.068000000,3490.0,3506.0,3476.0,3490.0,335,3491.0,303,239990,8374533310.0,1366741
2020-03-13 09:05:23.571000000,3490.0,3506.0,3476.0,3490.0,323,3491.0,312,240040,8376278320.0,1366709
2020-03-13 09:05:24.074000000,3491.0,3506.0,3476.0,3490.0,334,3491.0,307,240064,8377115970.0,1366715
2020-03-13 09:05:24.572000000,3490.0,3506.0,3476.0,3489.0,854,3490.0,146,240459,8390901670.0,1366965
2020-03-13 09:05:25.068000000,3490.0,3506.0,3476.0,3489.0,817,3490.0,245,240508,8392611460.0,1366935
2020-03-13 09:05:25.574000000,3490.0,3506.0,3476.0,3489.0,731,3490.0,371,240642,8397287260.0,1366991
2020-03-13 09:05:26.057000000,3490.0,3506.0,3476.0,3489.0,682,3490.0,369,240677,8398508730.0,1367005
2020-03-13 09:05:26.577000000,3490.0,3506.0,3476.0,3489.0,693,3490.0,326,240814,8403290010.0,1367072
2020-03-13 09:05:27.074000000,3489.0,3506.0,3476.0,3489.0,223,3490.0,152,241447,8425376680.0,1367604
2020-03-13 09:05:27.577000000,3490.0,3506.0,3476.0,3489.0,141,3490.0,381,241663,8432913720.0,1367710
2020-03-13 09:05:28.058000000,3489.0,3506.0,3476.0,3489.0,34,3490.0,353,241835,8438915140.0,1367722
2020-03-13 09:05:28.570000000,3489.0,3506.0,3476.0,3489.0,501,3490.0,345,241922,8441950800.0,1367713
2020-03-13 09:05:29.074000000,3489.0,3506.0,3476.0,3489.0,441,3490.0,272,242047,8446312250.0,1367810
2020-03-13 09:05:29.576000000,3490.0,3506.0,3476.0,3489.0,482,3490.0,391,242060,8446765850.0,1367819
2020-03-13 09:05:30.074000000,3490.0,3506.0,3476.0,3489.0,417,3490.0,402,242110,8448510400.0,1367825
2020-03-13 09:05:30.572000000,3489.0,3506.0,3476.0,3489.0,384,3490.0,416,242164,8450394550.0,1367869
2020-03-13 09:05:31.075000000,3489.0,3506.0,3476.0,3489.0,385,3490.0,593,242199,8451615970.0,1367850
2020-03-13 09:05:31.570000000,3489.0,3506.0,3476.0,3489.0,367,3490.0,631,242203,8451755540.0,1367853
2020-03-13 09:05:32.075000000,3489.0,3506.0,3476.0,3489.0,332,3490.0,583,242304,8455279720.0,1367904
2020-03-13 09:05:32.576000000,3490.0,3506.0,3476.0,3489.0,276,3490.0,631,242332,8456256700.0,1367924
2020-03-13 09:05:33.074000000,3490.0,3506.0,3476.0,3489.0,205,3490.0,457,242548,8463792980.0,1367925
2020-03-13 09:05:33.567000000,3489.0,3506.0,3476.0,3489.0,216,3490.0,477,242571,8464595560.0,1367939
2020-03-13 09:05:34.070000000,3490.0,3506.0,3476.0,3489.0,312,3490.0,513,242628,8466584310.0,1367969
2020-03-13 09:05:34.568000000,3489.0,3506.0,3476.0,3488.0,240,3489.0,258,242961,8478202690.0,1367882
2020-03-13 09:05:35.075000000,3489.0,3506.0,3476.0,3488.0,242,3489.0,356,242970,8478516670.0,1367884
2020-03-13 09:05:35.577000000,3489.0,3506.0,3476.0,3488.0,244,3489.0,324,243013,8480016920.0,1367926
2020-03-13 09:05:36.074000000,3489.0,3506.0,3476.0,3489.0,192,3490.0,513,243368,8492402880.0,1368251
2020-03-13 09:05:36.571000000,3489.0,3506.0,3476.0,3489.0,762,3490.0,467,243391,8493205360.0,1368273
2020-03-13 09:05:37.033000000,3489.0,3506.0,3476.0,3489.0,772,3490.0,437,243435,8494740610.0,1368286
2020-03-13 09:05:37.545000000,3489.0,3506.0,3476.0,3489.0,763,3490.0,529,243453,8495368740.0,1368303
2020-03-13 09:05:38.077000000,3490.0,3506.0,3476.0,3489.0,702,3490.0,528,243532,8498125060.0,1368348
2020-03-13 09:05:38.567000000,3489.0,3506.0,3476.0,3489.0,639,3490.0,571,243560,8499101980.0,1368375
2020-03-13 09:05:39.074000000,3490.0,3506.0,3476.0,3489.0,535,3490.0,584,243664,8502730640.0,1368449
2020-03-13 09:05:39.575000000,3489.0,3506.0,3476.0,3489.0,531,3490.0,579,243703,8504091470.0,1368467
2020-03-13 09:05:40.074000000,3490.0,3506.0,3476.0,3489.0,507,3490.0,584,243757,8505975640.0,1368474
2020-03-13 09:05:40.566000000,3490.0,3506.0,3476.0,3489.0,454,3490.0,583,243819,8508138840.0,1368530
2020-03-13 09:05:41.077000000,3489.0,3506.0,3476.0,3489.0,8,3490.0,580,244277,8524118510.0,1368480
2020-03-13 09:05:41.578000000,3489.0,3506.0,3476.0,3488.0,816,3489.0,444,244788,8541947300.0,1368078
2020-03-13 09:05:42.076000000,3489.0,3506.0,3476.0,3488.0,1,3489.0,580,245549,8568491290.0,1368705
2020-03-13 09:05:42.574000000,3488.0,3506.0,3476.0,3487.0,556,3488.0,248,245564,8569014490.0,1368717
2020-03-13 09:05:43.078000000,3487.0,3506.0,3476.0,3487.0,525,3488.0,221,245591,8569956240.0,1368712
2020-03-13 09:05:43.565000000,3488.0,3506.0,3476.0,3487.0,518,3488.0,211,245611,8570653770.0,1368699
2020-03-13 09:05:44.059000000,3487.0,3506.0,3476.0,3487.0,522,3488.0,186,245640,8571665150.0,1368712
2020-03-13 09:05:44.575000000,3488.0,3506.0,3476.0,3487.0,521,3488.0,174,245683,8573164790.0,1368719
2020-03-13 09:05:45.075000000,3488.0,3506.0,3476.0,3487.0,492,3488.0,970,245734,8574943250.0,1368721
2020-03-13 09:05:45.569000000,3487.0,3506.0,3476.0,3486.0,481,3487.0,38,246178,8590425620.0,1368975
2020-03-13 09:05:46.040000000,3487.0,3506.0,3476.0,3486.0,447,3487.0,195,246207,8591436720.0,1368964
2020-03-13 09:05:46.566000000,3487.0,3506.0,3476.0,3486.0,376,3487.0,236,246258,8593214810.0,1368939
2020-03-13 09:05:47.056000000,3486.0,3506.0,3476.0,3486.0,343,3487.0,244,246285,8594156050.0,1368921
2020-03-13 09:05:47.571000000,3486.0,3506.0,3476.0,3486.0,324,3487.0,263,246315,8595201960.0,1368909
2020-03-13 09:05:48.074000000,3487.0,3506.0,3476.0,3486.0,292,3487.0,264,246377,8597363340.0,1368917
2020-03-13 09:05:48.573000000,3486.0,3506.0,3476.0,3486.0,358,3487.0,288,246427,8599106680.0,1368960
2020-03-13 09:05:49.066000000,3486.0,3506.0,3476.0,3486.0,388,3487.0,50,246776,8611276250.0,1368944
2020-03-13 09:05:49.575000000,3486.0,3506.0,3476.0,3486.0,465,3487.0,3,246853,8613961220.0,1368944
2020-03-13 09:05:50.076000000,3486.0,3506.0,3476.0,3486.0,371,3487.0,4,246964,8617830740.0,1368955
2020-03-13 09:05:50.533000000,3487.0,3506.0,3476.0,3486.0,4,3487.0,12,247880,8649759550.0,1368592
2020-03-13 09:05:51.077000000,3486.0,3506.0,3476.0,3485.0,538,3486.0,385,247973,8653001330.0,1368567
2020-03-13 09:05:51.576000000,3485.0,3506.0,3476.0,3485.0,423,3486.0,220,248322,8665166330.0,1368794
2020-03-13 09:05:52.074000000,3486.0,3506.0,3476.0,3485.0,404,3486.0,254,248375,8667013400.0,1368796
2020-03-13 09:05:52.576000000,3485.0,3506.0,3476.0,3485.0,396,3486.0,338,248387,8667431630.0,1368803
2020-03-13 09:05:53.075000000,3485.0,3506.0,3476.0,3485.0,319,3486.0,421,248453,8669731780.0,1368822
2020-03-13 09:05:53.573000000,3486.0,3506.0,3476.0,3485.0,179,3486.0,429,248641,8676283730.0,1368979
2020-03-13 09:05:54.078000000,3485.0,3506.0,3476.0,3485.0,115,3486.0,391,248719,8679002420.0,1369034
2020-03-13 09:05:54.576000000,3485.0,3506.0,3476.0,3484.0,581,3485.0,361,249145,8693849330.0,1369131
2020-03-13 09:05:55.067000000,3485.0,3506.0,3476.0,3484.0,638,3485.0,267,249377,8701934440.0,1369329
2020-03-13 09:05:55.545000000,3485.0,3506.0,3476.0,3485.0,57,3486.0,346,249745,8714759320.0,1369259
2020-03-13 09:05:56.069000000,3486.0,3506.0,3476.0,3485.0,12,3486.0,235,249962,8722323000.0,1369157
2020-03-13 09:05:56.558000000,3484.0,3506.0,3476.0,3484.0,673,3485.0,5,249999,8723612410.0,1369144
2020-03-13 09:05:57.077000000,3485.0,3506.0,3476.0,3484.0,665,3486.0,238,250566,8743372430.0,1369235
2020-03-13 09:05:57.571000000,3486.0,3506.0,3476.0,3485.0,45,3486.0,311,250624,8745394170.0,1369208
2020-03-13 09:05:58.074000000,3484.0,3506.0,3476.0,3485.0,1,3486.0,335,250651,8746335100.0,1369223
2020-03-13 09:05:58.556000000,3485.0,3506.0,3476.0,3484.0,747,3486.0,356,250681,8747380570.0,1369227
2020-03-13 09:05:59.074000000,3486.0,3506.0,3476.0,3485.0,8,3486.0,358,250704,8748182340.0,1369242
2020-03-13 09:05:59.558000000,3485.0,3506.0,3476.0,3484.0,766,3485.0,29,250716,8748600550.0,1369241
2020-03-13 09:06:00.074000000,3486.0,3506.0,3476.0,3485.0,81,3486.0,351,250756,8749994560.0,1369235
2020-03-13 09:06:00.563000000,3484.0,3506.0,3476.0,3484.0,785,3485.0,16,250920,8755710250.0,1369188
2020-03-13 09:06:01.064000000,3484.0,3506.0,3476.0,3484.0,961,3485.0,22,251065,8760763810.0,1369212
2020-03-13 09:06:01.567000000,3484.0,3506.0,3476.0,3484.0,798,3485.0,1,251528,8776897790.0,1368979
2020-03-13 09:06:02.074000000,3485.0,3506.0,3476.0,3484.0,798,3485.0,16,251596,8779267970.0,1369014
2020-03-13 09:06:02.575000000,3485.0,3506.0,3476.0,3485.0,10,3486.0,186,251942,8791327380.0,1369090
2020-03-13 09:06:03.075000000,3485.0,3506.0,3476.0,3485.0,149,3486.0,312,252005,8793522960.0,1369087
2020-03-13 09:06:03.576000000,3486.0,3506.0,3476.0,3485.0,342,3486.0,318,252029,8794359440.0,1369078
2020-03-13 09:06:04.072000000,3485.0,3506.0,3476.0,3485.0,337,3486.0,281,252088,8796415640.0,1369101
2020-03-13 09:06:04.576000000,3486.0,3506.0,3476.0,3486.0,227,3487.0,416,252360,8805897300.0,1369029
2020-03-13 09:06:05.061000000,3485.0,3506.0,3476.0,3485.0,384,3486.0,1,252675,8816878120.0,1368766
2020-03-13 09:06:05.576000000,3485.0,3506.0,3476.0,3485.0,389,3486.0,9,252715,8818272170.0,1368781
2020-03-13 09:06:06.075000000,3485.0,3506.0,3476.0,3486.0,233,3487.0,370,252783,8820642180.0,1368818
2020-03-13 09:06:06.565000000,3486.0,3506.0,3476.0,3486.0,186,3487.0,354,252854,8823117310.0,1368883
2020-03-13 09:06:07.076000000,3487.0,3506.0,3476.0,3486.0,166,3487.0,353,252899,8824686020.0,1368925
2020-03-13 09:06:07.570000000,3486.0,3506.0,3476.0,3486.0,126,3487.0,370,252962,8826882250.0,1368967
2020-03-13 09:06:08.071000000,3487.0,3506.0,3476.0,3486.0,18,3487.0,356,253091,8831379410.0,1369067
2020-03-13 09:06:08.575000000,3486.0,3506.0,3476.0,3486.0,22,3487.0,374,253141,8833122880.0,1369037
2020-03-13 09:06:09.075000000,3487.0,3506.0,3476.0,3486.0,160,3487.0,371,253241,8836609210.0,1368985
2020-03-13 09:06:09.575000000,3487.0,3506.0,3476.0,3486.0,161,3487.0,318,253275,8837794560.0,1368969
2020-03-13 09:06:10.068000000,3487.0,3506.0,3476.0,3486.0,214,3487.0,249,253324,8839503190.0,1368960
2020-03-13 09:06:10.572000000,3487.0,3506.0,3476.0,3487.0,328,3488.0,237,253556,8847593040.0,1368825
2020-03-13 09:06:11.075000000,3487.0,3506.0,3476.0,3487.0,631,3488.0,194,253600,8849127320.0,1368820
2020-03-13 09:06:11.568000000,3488.0,3506.0,3476.0,3487.0,634,3488.0,5,253814,8856591530.0,1368802
2020-03-13 09:06:12.075000000,3487.0,3506.0,3476.0,3487.0,683,3488.0,9,253920,8860288750.0,1368817
2020-03-13 09:06:12.577000000,3487.0,3506.0,3476.0,3487.0,664,3488.0,9,253970,8862032490.0,1368796
2020-03-13 09:06:13.076000000,3488.0,3506.0,3476.0,3488.0,200,3489.0,499,254027,8864020640.0,1368810
2020-03-13 09:06:13.578000000,3489.0,3506.0,3476.0,3488.0,303,3489.0,411,254089,8866183650.0,1368821
2020-03-13 09:06:14.073000000,3489.0,3506.0,3476.0,3488.0,363,3489.0,254,254211,8870440200.0,1368809
2020-03-13 09:06:14.559000000,3489.0,3506.0,3476.0,3489.0,7,3490.0,762,254411,8877418010.0,1368717
2020-03-13 09:06:15.075000000,3489.0,3506.0,3476.0,3489.0,107,3490.0,755,254477,8879720840.0,1368753
2020-03-13 09:06:15.578000000,3489.0,3506.0,3476.0,3489.0,220,3490.0,698,254525,8881395710.0,1368774
2020-03-13 09:06:16.069000000,3490.0,3506.0,3476.0,3489.0,257,3490.0,691,254534,8881709800.0,1368777
2020-03-13 09:06:16.576000000,3489.0,3506.0,3476.0,3489.0,212,3490.0,697,254624,8884850210.0,1368800
2020-03-13 09:06:17.071000000,3489.0,3506.0,3476.0,3488.0,391,3489.0,50,254839,8892351570.0,1368844
2020-03-13 09:06:17.575000000,3489.0,3506.0,3476.0,3488.0,354,3489.0,384,254924,8895316910.0,1368853
2020-03-13 09:06:18.076000000,3489.0,3506.0,3476.0,3488.0,312,3489.0,464,254947,8896119370.0,1368876
2020-03-13 09:06:18.573000000,3488.0,3506.0,3476.0,3488.0,243,3489.0,479,255068,8900340290.0,1368949
2020-03-13 09:06:19.076000000,3489.0,3506.0,3476.0,3488.0,228,3489.0,452,255125,8902328830.0,1368919
2020-03-13 09:06:19.577000000,3489.0,3506.0,3476.0,3489.0,8,3490.0,714,255509,8915726580.0,1368643
2020-03-13 09:06:20.074000000,3489.0,3506.0,3476.0,3489.0,1021,3490.0,671,255631,8919983160.0,1368629
2020-03-13 09:06:20.564000000,3490.0,3506.0,3476.0,3490.0,21,3491.0,318,256291,8943017160.0,1368779
2020-03-13 09:06:21.077000000,3490.0,3506.0,3476.0,3490.0,248,3491.0,265,256368,8945704610.0,1368817
2020-03-13 09:06:21.578000000,3491.0,3506.0,3476.0,3490.0,303,3491.0,195,256389,8946437550.0,1368821
2020-03-13 09:06:22.078000000,3491.0,3506.0,3476.0,3490.0,320,3491.0,27,256557,8952302360.0,1368862
2020-03-13 09:06:22.576000000,3491.0,3506.0,3476.0,3491.0,45,3492.0,304,256636,8955060250.0,1368872
2020-03-13 09:06:23.073000000,3492.0,3506.0,3476.0,3491.0,69,3492.0,405,256646,8955409360.0,1368879
2020-03-13 09:06:23.574000000,3491.0,3506.0,3476.0,3491.0,47,3492.0,366,256703,8957399590.0,1368879
2020-03-13 09:06:24.076000000,3491.0,3506.0,3476.0,3490.0,425,3491.0,10,256786,8960297020.0,1368857
2020-03-13 09:06:24.572000000,3491.0,3506.0,3476.0,3490.0,430,3491.0,28,256846,8962391560.0,1368832
2020-03-13 09:06:25.077000000,3491.0,3506.0,3476.0,3490.0,463,3491.0,12,256886,8963787960.0,1368854
2020-03-13 09:06:25.578000000,3492.0,3506.0,3476.0,3491.0,25,3492.0,439,256977,8966965440.0,1368877
2020-03-13 09:06:26.075000000,3490.0,3506.0,3476.0,3490.0,93,3491.0,8,257571,8987699630.0,1368843
2020-03-13 09:06:26.576000000,3491.0,3506.0,3476.0,3490.0,276,3491.0,161,257646,8990317410.0,1368842
2020-03-13 09:06:27.075000000,3491.0,3506.0,3476.0,3490.0,239,3491.0,96,257853,8997543490.0,1368952
2020-03-13 09:06:27.569000000,3491.0,3506.0,3476.0,3490.0,191,3491.0,146,257864,8997927490.0,1368952
2020-03-13 09:06:28.055000000,3490.0,3506.0,3476.0,3490.0,170,3491.0,145,257905,8999358780.0,1368987
2020-03-13 09:06:28.575000000,3491.0,3506.0,3476.0,3490.0,203,3492.0,399,258118,9006794570.0,1369132
2020-03-13 09:06:29.065000000,3492.0,3506.0,3476.0,3490.0,227,3492.0,310,258140,9007562660.0,1369141
2020-03-13 09:06:29.571000000,3491.0,3506.0,3476.0,3491.0,30,3492.0,308,258161,9008295660.0,1369129
2020-03-13 09:06:30.075000000,3491.0,3506.0,3476.0,3490.0,244,3491.0,23,258197,9009552410.0,1369126
2020-03-13 09:06:30.573000000,3491.0,3506.0,3476.0,3490.0,282,3491.0,35,258204,9009796780.0,1369120
2020-03-13 09:06:31.076000000,3491.0,3506.0,3476.0,3490.0,266,3491.0,18,258242,9011123190.0,1369118
2020-03-13 09:06:31.574000000,3491.0,3506.0,3476.0,3490.0,293,3491.0,5,258265,9011926120.0,1369120
2020-03-13 09:06:32.065000000,3491.0,3506.0,3476.0,3490.0,292,3491.0,13,258280,9012449760.0,1369118
2020-03-13 09:06:32.560000000,3490.0,3506.0,3476.0,3490.0,306,3491.0,74,258295,9012973280.0,1369112
2020-03-13 09:06:33.075000000,3490.0,3506.0,3476.0,3490.0,265,3492.0,348,258442,9018104870.0,1369046
2020-03-13 09:06:33.578000000,3491.0,3506.0,3476.0,3490.0,274,3491.0,19,258472,9019151930.0,1369045
2020-03-13 09:06:34.076000000,3490.0,3506.0,3476.0,3490.0,240,3491.0,64,258548,9021804590.0,1369021
2020-03-13 09:06:34.574000000,3491.0,3506.0,3476.0,3490.0,226,3491.0,103,258605,9023794460.0,1368992
2020-03-13 09:06:35.066000000,3490.0,3506.0,3476.0,3490.0,204,3491.0,246,258678,9026342760.0,1368995
2020-03-13 09:06:35.577000000,3490.0,3506.0,3476.0,3490.0,198,3491.0,262,258685,9026587070.0,1368996
2020-03-13 09:06:36.077000000,3491.0,3506.0,3476.0,3490.0,73,3491.0,165,258912,9034510510.0,1368961
2020-03-13 09:06:36.576000000,3490.0,3506.0,3476.0,3489.0,777,3490.0,151,259017,9038175010.0,1368900
2020-03-13 09:06:37.071000000,3491.0,3506.0,3476.0,3490.0,192,3491.0,230,259182,9043933560.0,1368904
2020-03-13 09:06:37.568000000,3491.0,3506.0,3476.0,3490.0,253,3491.0,166,259248,9046237440.0,1368864
2020-03-13 09:06:38.078000000,3491.0,3506.0,3476.0,3490.0,268,3491.0,44,259348,9049728440.0,1368853
2020-03-13 09:06:38.571000000,3492.0,3506.0,3476.0,3491.0,1,3492.0,400,259403,9051648490.0,1368870
2020-03-13 09:06:39.075000000,3491.0,3506.0,3476.0,3491.0,40,3492.0,411,259417,9052137230.0,1368862
2020-03-13 09:06:39.563000000,3491.0,3506.0,3476.0,3491.0,311,3492.0,403,259463,9053743120.0,1368841
2020-03-13 09:06:40.076000000,3491.0,3506.0,3476.0,3491.0,470,3492.0,336,259477,9054231870.0,1368843
2020-03-13 09:06:40.575000000,3491.0,3506.0,3476.0,3491.0,546,3492.0,709,259618,9059155420.0,1368970
2020-03-13 09:06:41.078000000,3491.0,3506.0,3476.0,3491.0,490,3492.0,719,259668,9060901230.0,1369009
2020-03-13 09:06:41.576000000,3492.0,3506.0,3476.0,3491.0,483,3492.0,682,259727,9062961470.0,1369015
2020-03-13 09:06:42.075000000,3492.0,3506.0,3476.0,3491.0,472,3492.0,545,259887,9068548340.0,1369093
2020-03-13 09:06:42.577000000,3491.0,3506.0,3476.0,3491.0,507,3492.0,444,259952,9070818110.0,1369107
2020-03-13 09:06:43.077000000,3492.0,3506.0,3476.0,3491.0,555,3492.0,46,260355,9084890860.0,1369388
2020-03-13 09:06:43.563000000,3492.0,3506.0,3476.0,3492.0,250,3493.0,437,260409,9086776560.0,1369376
2020-03-13 09:06:44.074000000,3493.0,3506.0,3476.0,3492.0,264,3493.0,425,260420,9087160740.0,1369380
2020-03-13 09:06:44.575000000,3493.0,3506.0,3476.0,3492.0,276,3493.0,367,260459,9088522990.0,1369382
2020-03-13 09:06:45.075000000,3493.0,3506.0,3476.0,3492.0,311,3493.0,301,260545,9091526760.0,1369445
2020-03-13 09:06:45.566000000,3492.0,3506.0,3476.0,3492.0,387,3493.0,293,260570,9092399920.0,1369466
2020-03-13 09:06:46.077000000,3492.0,3506.0,3476.0,3491.0,462,3492.0,195,261088,9110487460.0,1369751
2020-03-13 09:06:46.569000000,3492.0,3506.0,3476.0,3491.0,429,3492.0,159,261199,9114363280.0,1369739
2020-03-13 09:06:47.075000000,3491.0,3506.0,3476.0,3491.0,395,3492.0,147,261218,9115026680.0,1369738
2020-03-13 09:06:47.578000000,3493.0,3506.0,3476.0,3492.0,843,3493.0,288,261406,9121591830.0,1369758
2020-03-13 09:06:48.075000000,3493.0,3506.0,3476.0,3493.0,12,3494.0,644,261700,9131861420.0,1369581
2020-03-13 09:06:48.566000000,3493.0,3506.0,3476.0,3493.0,224,3494.0,616,261715,9132385400.0,1369587
2020-03-13 09:06:49.073000000,3493.0,3506.0,3476.0,3493.0,221,3494.0,290,261848,9137031310.0,1369546
2020-03-13 09:06:49.570000000,3494.0,3506.0,3476.0,3494.0,411,3495.0,704,262141,9147268730.0,1369363
2020-03-13 09:06:50.074000000,3494.0,3506.0,3476.0,3494.0,407,3495.0,596,262207,9149574920.0,1369321
2020-03-13 09:06:50.577000000,3494.0,3506.0,3476.0,3494.0,346,3495.0,205,262668,9165686200.0,1369311
2020-03-13 09:06:51.076000000,3495.0,3506.0,3476.0,3495.0,441,3496.0,640,262867,9172641040.0,1369249
2020-03-13 09:06:51.575000000,3495.0,3506.0,3476.0,3495.0,445,3496.0,581,262902,9173864420.0,1369242
2020-03-13 09:06:52.076000000,3496.0,3506.0,3476.0,3495.0,233,3496.0,577,263171,9183266240.0,1369037
2020-03-13 09:06:52.573000000,3495.0,3506.0,3476.0,3494.0,364,3495.0,66,263502,9194834470.0,1368755
2020-03-13 09:06:53.077000000,3495.0,3506.0,3476.0,3494.0,662,3495.0,220,263581,9197595520.0,1368706
2020-03-13 09:06:53.566000000,3495.0,3506.0,3476.0,3494.0,1176,3495.0,313,263648,9199936930.0,1368646
2020-03-13 09:06:54.075000000,3495.0,3506.0,3476.0,3494.0,1180,3495.0,192,263781,9204585210.0,1368605
2020-03-13 09:06:54.573000000,3495.0,3506.0,3476.0,3494.0,1173,3495.0,59,264005,9212413980.0,1368732
2020-03-13 09:06:55.073000000,3495.0,3506.0,3476.0,3495.0,246,3496.0,678,264112,9216153590.0,1368699
2020-03-13 09:06:55.567000000,3495.0,3506.0,3476.0,3495.0,399,3496.0,551,264251,9221012870.0,1368644
2020-03-13 09:06:56.071000000,3495.0,3506.0,3476.0,3495.0,410,3496.0,498,264293,9222480920.0,1368662
2020-03-13 09:06:56.578000000,3496.0,3506.0,3476.0,3495.0,9,3496.0,494,264821,9240934110.0,1368446
2020-03-13 09:06:57.078000000,3495.0,3506.0,3476.0,3494.0,1111,3495.0,129,264878,9242926140.0,1368455
2020-03-13 09:06:57.569000000,3495.0,3506.0,3476.0,3494.0,1069,3495.0,617,264969,9246106180.0,1368429
2020-03-13 09:06:58.077000000,3495.0,3506.0,3476.0,3494.0,1018,3495.0,575,265101,9250719580.0,1368326
2020-03-13 09:06:58.566000000,3494.0,3506.0,3476.0,3494.0,1021,3495.0,448,265118,9251313680.0,1368324
2020-03-13 09:06:59.076000000,3495.0,3506.0,3476.0,3494.0,959,3495.0,536,265233,9255331910.0,1368319
2020-03-13 09:06:59.570000000,3495.0,3506.0,3476.0,3494.0,911,3495.0,673,265249,9255891010.0,1368328
2020-03-13 09:07:00.075000000,3492.0,3506.0,3476.0,3492.0,969,3494.0,78,266704,9306722910.0,1368126
2020-03-13 09:07:00.575000000,3493.0,3506.0,3476.0,3492.0,543,3493.0,60,267296,9327396910.0,1368193
2020-03-13 09:07:01.078000000,3491.0,3506.0,3476.0,3491.0,416,3493.0,276,267889,9348104210.0,1368097
2020-03-13 09:07:01.575000000,3493.0,3506.0,3476.0,3492.0,8,3493.0,130,268224,9359803500.0,1368055
2020-03-13 09:07:02.076000000,3493.0,3506.0,3476.0,3492.0,169,3493.0,123,268301,9362492540.0,1368036
2020-03-13 09:07:02.577000000,3492.0,3506.0,3476.0,3492.0,398,3493.0,117,268357,9364448180.0,1367992
2020-03-13 09:07:03.078000000,3493.0,3506.0,3476.0,3492.0,404,3493.0,7,268467,9368290460.0,1367900
2020-03-13 09:07:03.566000000,3493.0,3506.0,3476.0,3493.0,77,3494.0,544,268529,9370456110.0,1367855
2020-03-13 09:07:04.078000000,3492.0,3506.0,3476.0,3492.0,444,3493.0,1,268633,9374088740.0,1367822
2020-03-13 09:07:04.568000000,3493.0,3506.0,3476.0,3493.0,1,3494.0,556,268778,9379153540.0,1367822
2020-03-13 09:07:05.076000000,3493.0,3506.0,3476.0,3492.0,342,3493.0,11,268830,9380969950.0,1367823
2020-03-13 09:07:05.577000000,3493.0,3506.0,3476.0,3493.0,9,3494.0,565,268865,9382192570.0,1367799
2020-03-13 09:07:06.075000000,3493.0,3506.0,3476.0,3492.0,336,3493.0,6,268895,9383240450.0,1367792
2020-03-13 09:07:06.575000000,3492.0,3506.0,3476.0,3492.0,333,3493.0,45,269010,9387257740.0,1367746
2020-03-13 09:07:07.072000000,3493.0,3506.0,3476.0,3492.0,311,3493.0,112,269043,9388410210.0,1367724
2020-03-13 09:07:07.576000000,3493.0,3506.0,3476.0,3492.0,243,3493.0,178,269068,9389283330.0,1367721
2020-03-13 09:07:08.074000000,3493.0,3506.0,3476.0,3492.0,259,3493.0,146,269206,9394103580.0,1367627
2020-03-13 09:07:08.568000000,3492.0,3506.0,3476.0,3492.0,84,3493.0,177,269446,9402484400.0,1367640
2020-03-13 09:07:09.076000000,3492.0,3506.0,3476.0,3491.0,449,3492.0,28,269509,9404684360.0,1367679
2020-03-13 09:07:09.578000000,3492.0,3506.0,3476.0,3491.0,448,3492.0,27,269530,9405417670.0,1367681
2020-03-13 09:07:10.078000000,3491.0,3506.0,3476.0,3491.0,456,3492.0,70,269550,9406115910.0,1367683
2020-03-13 09:07:10.575000000,3491.0,3506.0,3476.0,3491.0,417,3492.0,511,269561,9406500010.0,1367686
2020-03-13 09:07:11.075000000,3491.0,3506.0,3476.0,3491.0,13,3492.0,450,269987,9421371740.0,1367746
2020-03-13 09:07:11.572000000,3491.0,3506.0,3476.0,3490.0,509,3491.0,356,270031,9422907780.0,1367787
2020-03-13 09:07:12.075000000,3491.0,3506.0,3476.0,3490.0,422,3491.0,395,270040,9423221950.0,1367787
2020-03-13 09:07:12.573000000,3491.0,3506.0,3476.0,3490.0,321,3491.0,259,270350,9434043020.0,1367600
2020-03-13 09:07:13.077000000,3490.0,3506.0,3476.0,3490.0,362,3491.0,214,270424,9436626250.0,1367532
2020-03-13 09:07:13.577000000,3490.0,3506.0,3476.0,3490.0,377,3491.0,175,270507,9439523720.0,1367557
2020-03-13 09:07:14.077000000,3491.0,3506.0,3476.0,3491.0,53,3492.0,600,270695,9446086750.0,1367694
2020-03-13 09:07:14.577000000,3491.0,3506.0,3476.0,3491.0,14,3492.0,549,270748,9447937360.0,1367711
2020-03-13 09:07:15.075000000,3491.0,3506.0,3476.0,3491.0,173,3492.0,532,270778,9448984690.0,1367690
2020-03-13 09:07:15.575000000,3491.0,3506.0,3476.0,3491.0,226,3492.0,540,270801,9449787620.0,1367690
2020-03-13 09:07:16.046000000,3491.0,3506.0,3476.0,3491.0,128,3492.0,458,270902,9453313550.0,1367711
2020-03-13 09:07:16.578000000,3491.0,3506.0,3476.0,3491.0,183,3492.0,465,270977,9455931820.0,1367757
2020-03-13 09:07:17.078000000,3492.0,3506.0,3476.0,3491.0,182,3492.0,811,270984,9456176230.0,1367760
2020-03-13 09:07:17.571000000,3491.0,3506.0,3476.0,3491.0,148,3492.0,809,271034,9457922040.0,1367761
2020-03-13 09:07:18.078000000,3491.0,3506.0,3476.0,3491.0,270,3492.0,813,271036,9457991860.0,1367760
2020-03-13 09:07:18.578000000,3491.0,3506.0,3476.0,3491.0,280,3492.0,802,271101,9460261150.0,1367785
2020-03-13 09:07:19.058000000,3492.0,3506.0,3476.0,3492.0,236,3493.0,354,271912,9488581120.0,1367615
2020-03-13 09:07:19.578000000,3493.0,3506.0,3476.0,3492.0,529,3494.0,490,272231,9499723600.0,1367437
2020-03-13 09:07:20.074000000,3493.0,3506.0,3476.0,3493.0,55,3494.0,487,272251,9500422220.0,1367449
2020-03-13 09:07:20.570000000,3493.0,3506.0,3476.0,3493.0,283,3494.0,428,272272,9501155800.0,1367456
2020-03-13 09:07:21.078000000,3493.0,3506.0,3476.0,3493.0,371,3494.0,403,272282,9501505100.0,1367453
2020-03-13 09:07:21.578000000,3493.0,3506.0,3476.0,3493.0,341,3494.0,332,272333,9503286730.0,1367414
2020-03-13 09:07:22.071000000,3493.0,3506.0,3476.0,3493.0,327,3494.0,296,272384,9505068530.0,1367388
2020-03-13 09:07:22.578000000,3493.0,3506.0,3476.0,3493.0,323,3494.0,313,272403,9505732230.0,1367385
2020-03-13 09:07:23.074000000,3494.0,3506.0,3476.0,3493.0,323,3494.0,400,272404,9505767170.0,1367384
2020-03-13 09:07:23.577000000,3493.0,3506.0,3476.0,3493.0,315,3494.0,408,272419,9506291200.0,1367382
2020-03-13 09:07:24.075000000,3494.0,3506.0,3476.0,3493.0,307,3494.0,413,272429,9506640520.0,1367389
2020-03-13 09:07:24.576000000,3494.0,3506.0,3476.0,3493.0,311,3494.0,418,272443,9507129620.0,1367387
2020-03-13 09:07:25.078000000,3494.0,3506.0,3476.0,3493.0,300,3494.0,378,272506,9509330590.0,1367345
2020-03-13 09:07:25.566000000,3493.0,3506.0,3476.0,3493.0,293,3494.0,367,272514,9509610030.0,1367345
2020-03-13 09:07:26.072000000,3494.0,3506.0,3476.0,3493.0,292,3494.0,350,272533,9510273890.0,1367344
2020-03-13 09:07:26.560000000,3493.0,3506.0,3476.0,3493.0,268,3494.0,346,272570,9511566370.0,1367335
2020-03-13 09:07:27.075000000,3493.0,3506.0,3476.0,3493.0,194,3494.0,341,272587,9512160290.0,1367331
2020-03-13 09:07:27.565000000,3493.0,3506.0,3476.0,3492.0,653,3493.0,50,272743,9517609370.0,1367293
2020-03-13 09:07:28.062000000,3494.0,3506.0,3476.0,3492.0,573,3493.0,80,272846,9521207210.0,1367199
2020-03-13 09:07:28.573000000,3492.0,3506.0,3476.0,3492.0,571,3493.0,70,272885,9522569490.0,1367195
2020-03-13 09:07:29.064000000,3493.0,3506.0,3476.0,3492.0,572,3493.0,66,272901,9523128350.0,1367185
2020-03-13 09:07:29.566000000,3492.0,3506.0,3476.0,3492.0,552,3493.0,117,272953,9524944530.0,1367154
2020-03-13 09:07:30.078000000,3493.0,3506.0,3476.0,3492.0,550,3493.0,137,273057,9528577240.0,1367234
2020-03-13 09:07:30.573000000,3493.0,3506.0,3476.0,3492.0,559,3493.0,461,273079,9529345690.0,1367247
2020-03-13 09:07:31.079000000,3493.0,3506.0,3476.0,3492.0,521,3493.0,517,273094,9529869620.0,1367247
2020-03-13 09:07:31.566000000,3493.0,3506.0,3476.0,3492.0,518,3493.0,495,273110,9530428460.0,1367246
2020-03-13 09:07:32.078000000,3493.0,3506.0,3476.0,3492.0,517,3493.0,509,273115,9530603070.0,1367242
2020-03-13 09:07:32.571000000,3493.0,3506.0,3476.0,3492.0,518,3493.0,505,273123,9530882500.0,1367240
2020-03-13 09:07:33.075000000,3492.0,3506.0,3476.0,3492.0,697,3493.0,494,273143,9531580920.0,1367237
2020-03-13 09:07:33.569000000,3493.0,3506.0,3476.0,3492.0,671,3493.0,340,273191,9533257150.0,1367236
2020-03-13 09:07:34.066000000,3493.0,3506.0,3476.0,3492.0,524,3493.0,107,273462,9542722930.0,1367124
2020-03-13 09:07:34.570000000,3493.0,3506.0,3476.0,3493.0,106,3494.0,362,273624,9548381570.0,1367138
2020-03-13 09:07:35.072000000,3493.0,3506.0,3476.0,3493.0,157,3494.0,366,273633,9548695940.0,1367147
2020-03-13 09:07:35.563000000,3493.0,3506.0,3476.0,3493.0,171,3494.0,370,273639,9548905520.0,1367151
2020-03-13 09:07:36.075000000,3493.0,3506.0,3476.0,3492.0,547,3493.0,60,273844,9556066180.0,1367015
2020-03-13 09:07:36.578000000,3493.0,3506.0,3476.0,3492.0,571,3493.0,32,273892,9557742770.0,1366973
2020-03-13 09:07:37.069000000,3493.0,3506.0,3476.0,3492.0,571,3493.0,26,273905,9558196860.0,1366962
2020-03-13 09:07:37.576000000,3492.0,3506.0,3476.0,3492.0,566,3493.0,152,273913,9558476250.0,1366963
2020-03-13 09:07:38.059000000,3493.0,3506.0,3476.0,3492.0,526,3493.0,154,273977,9560711370.0,1366986
2020-03-13 09:07:38.576000000,3493.0,3506.0,3476.0,3492.0,496,3493.0,147,274015,9562038500.0,1366987
2020-03-13 09:07:39.076000000,3492.0,3506.0,3476.0,3492.0,496,3493.0,54,274045,9563086380.0,1366970
2020-03-13 09:07:39.568000000,3492.0,3506.0,3476.0,3492.0,498,3493.0,12,274074,9564099270.0,1366968
2020-03-13 09:07:40.057000000,3493.0,3506.0,3476.0,3493.0,160,3494.0,377,274097,9564902670.0,1366972
2020-03-13 09:07:40.564000000,3493.0,3506.0,3476.0,3493.0,179,3494.0,388,274116,9565566340.0,1366975
2020-03-13 09:07:41.075000000,3493.0,3506.0,3476.0,3493.0,195,3494.0,390,274120,9565706060.0,1366976
2020-03-13 09:07:41.559000000,3494.0,3506.0,3476.0,3493.0,199,3494.0,379,274132,9566125260.0,1366981
2020-03-13 09:07:42.076000000,3493.0,3506.0,3476.0,3493.0,139,3494.0,381,274199,9568465590.0,1366983
2020-03-13 09:07:42.560000000,3493.0,3506.0,3476.0,3493.0,136,3494.0,385,274204,9568640250.0,1366986
2020-03-13 09:07:43.055000000,3493.0,3506.0,3476.0,3493.0,632,3494.0,385,274211,9568884770.0,1366987
2020-03-13 09:07:43.578000000,3493.0,3506.0,3476.0,3493.0,645,3494.0,311,274268,9570875790.0,1366986
2020-03-13 09:07:44.069000000,3494.0,3506.0,3476.0,3493.0,623,3494.0,307,274298,9571923740.0,1367000
2020-03-13 09:07:44.577000000,3494.0,3506.0,3476.0,3493.0,623,3494.0,298,274311,9572377950.0,1367001
2020-03-13 09:07:45.076000000,3493.0,3506.0,3476.0,3493.0,594,3494.0,6,274557,9580972910.0,1367052
2020-03-13 09:07:45.572000000,3494.0,3506.0,3476.0,3493.0,614,3494.0,4,274620,9583174010.0,1367019
2020-03-13 09:07:46.070000000,3494.0,3506.0,3476.0,3494.0,46,3495.0,810,274649,9584187270.0,1367011
2020-03-13 09:07:46.576000000,3494.0,3506.0,3476.0,3494.0,52,3495.0,831,274674,9585060770.0,1367017
2020-03-13 09:07:47.078000000,3495.0,3506.0,3476.0,3494.0,51,3495.0,831,274688,9585550050.0,1367014
2020-03-13 09:07:47.574000000,3494.0,3506.0,3476.0,3494.0,38,3495.0,860,274717,9586563340.0,1367007
2020-03-13 09:07:48.076000000,3494.0,3506.0,3476.0,3494.0,7,3495.0,848,274771,9588450220.0,1366995
2020-03-13 09:07:48.577000000,3493.0,3506.0,3476.0,3494.0,11,3495.0,843,274822,9590232300.0,1367005
2020-03-13 09:07:49.079000000,3494.0,3506.0,3476.0,3493.0,599,3494.0,57,274882,9592328510.0,1367013
2020-03-13 09:07:49.569000000,3494.0,3506.0,3476.0,3493.0,599,3494.0,77,274909,9593271880.0,1367002
2020-03-13 09:07:50.077000000,3494.0,3506.0,3476.0,3493.0,606,3494.0,89,274925,9593830920.0,1366991
2020-03-13 09:07:50.574000000,3494.0,3506.0,3476.0,3493.0,608,3494.0,86,274950,9594704420.0,1367003
2020-03-13 09:07:51.076000000,3493.0,3506.0,3476.0,3493.0,605,3494.0,165,274968,9595333310.0,1366989
2020-03-13 09:07:51.569000000,3494.0,3506.0,3476.0,3494.0,40,3495.0,822,275145,9601517680.0,1367036
2020-03-13 09:07:52.068000000,3494.0,3506.0,3476.0,3494.0,23,3495.0,806,275238,9604767270.0,1367021
2020-03-13 09:07:52.576000000,3494.0,3506.0,3476.0,3493.0,695,3494.0,89,275272,9605955160.0,1367018
2020-03-13 09:07:53.078000000,3494.0,3506.0,3476.0,3493.0,669,3494.0,118,275316,9607492220.0,1366994
2020-03-13 09:07:53.558000000,3494.0,3506.0,3476.0,3493.0,664,3494.0,142,275328,9607911500.0,1366984
2020-03-13 09:07:54.077000000,3494.0,3506.0,3476.0,3493.0,671,3494.0,216,275476,9613082590.0,1366978
2020-03-13 09:07:54.556000000,3494.0,3506.0,3476.0,3493.0,669,3494.0,240,275499,9613886170.0,1366970
2020-03-13 09:07:55.074000000,3494.0,3506.0,3476.0,3493.0,654,3494.0,223,275541,9615353450.0,1366980
2020-03-13 09:07:55.577000000,3494.0,3506.0,3476.0,3493.0,545,3494.0,223,275661,9619545150.0,1366875
2020-03-13 09:07:56.077000000,3494.0,3506.0,3476.0,3493.0,536,3494.0,220,275711,9621291990.0,1366894
2020-03-13 09:07:56.570000000,3494.0,3506.0,3476.0,3493.0,559,3494.0,2,275932,9629013710.0,1366889
2020-03-13 09:07:57.076000000,3494.0,3506.0,3476.0,3494.0,40,3495.0,936,275943,9629398050.0,1366889
2020-03-13 09:07:57.572000000,3495.0,3506.0,3476.0,3494.0,5,3495.0,939,276058,9633416170.0,1366899
2020-03-13 09:07:58.061000000,3494.0,3506.0,3476.0,3494.0,27,3495.0,931,276080,9634184950.0,1366898
2020-03-13 09:07:58.577000000,3494.0,3506.0,3476.0,3493.0,604,3494.0,8,276119,9635547630.0,1366897
2020-03-13 09:07:59.058000000,3495.0,3506.0,3476.0,3494.0,26,3495.0,990,276147,9636525970.0,1366887
2020-03-13 09:07:59.577000000,3494.0,3506.0,3476.0,3494.0,37,3495.0,1006,276168,9637259750.0,1366874
2020-03-13 09:08:00.076000000,3494.0,3506.0,3476.0,3494.0,366,3495.0,1009,276251,9640159790.0,1366861
2020-03-13 09:08:00.577000000,3494.0,3506.0,3476.0,3494.0,442,3495.0,1008,276296,9641732090.0,1366857
2020-03-13 09:08:01.077000000,3495.0,3506.0,3476.0,3494.0,454,3495.0,988,276370,9644317850.0,1366850
2020-03-13 09:08:01.577000000,3494.0,3506.0,3476.0,3494.0,443,3495.0,984,276396,9645226360.0,1366845
2020-03-13 09:08:02.076000000,3495.0,3506.0,3476.0,3494.0,433,3495.0,944,276450,9647113570.0,1366833
2020-03-13 09:08:02.579000000,3494.0,3506.0,3476.0,3494.0,428,3495.0,934,276464,9647602800.0,1366835
2020-03-13 09:08:03.078000000,3495.0,3506.0,3476.0,3494.0,414,3495.0,962,276488,9648441440.0,1366827
2020-03-13 09:08:03.577000000,3494.0,3506.0,3476.0,3494.0,409,3495.0,867,276604,9652495590.0,1366788
2020-03-13 09:08:04.072000000,3494.0,3506.0,3476.0,3494.0,415,3495.0,840,276651,9654138160.0,1366781
2020-03-13 09:08:04.576000000,3494.0,3506.0,3476.0,3494.0,391,3495.0,634,276861,9661477610.0,1366688
2020-03-13 09:08:05.070000000,3494.0,3506.0,3476.0,3494.0,458,3495.0,615,276899,9662805680.0,1366665
2020-03-13 09:08:05.574000000,3494.0,3506.0,3476.0,3494.0,461,3495.0,604,276927,9663784140.0,1366655
2020-03-13 09:08:06.076000000,3494.0,3506.0,3476.0,3494.0,481,3495.0,590,276948,9664518000.0,1366651
2020-03-13 09:08:06.577000000,3495.0,3506.0,3476.0,3495.0,117,3496.0,1587,277620,9688004820.0,1366714
2020-03-13 09:08:07.071000000,3495.0,3506.0,3476.0,3494.0,452,3495.0,212,277971,9700272190.0,1366594
2020-03-13 09:08:07.579000000,3495.0,3506.0,3476.0,3494.0,96,3495.0,268,278367,9714108770.0,1366312
2020-03-13 09:08:08.078000000,3495.0,3506.0,3476.0,3494.0,108,3495.0,311,278399,9715226970.0,1366319
2020-03-13 09:08:08.577000000,3495.0,3506.0,3476.0,3494.0,157,3495.0,293,278432,9716380240.0,1366311
2020-03-13 09:08:09.076000000,3495.0,3506.0,3476.0,3494.0,177,3495.0,98,278648,9723929120.0,1366130
2020-03-13 09:08:09.573000000,3495.0,3506.0,3476.0,3494.0,286,3495.0,22,278747,9727389000.0,1366108
2020-03-13 09:08:10.069000000,3496.0,3506.0,3476.0,3495.0,238,3496.0,1547,278802,9729311450.0,1366102
2020-03-13 09:08:10.575000000,3495.0,3506.0,3476.0,3495.0,165,3496.0,1529,278928,9733715160.0,1366157
2020-03-13 09:08:11.079000000,3495.0,3506.0,3476.0,3495.0,92,3496.0,1557,279029,9737245220.0,1366228
2020-03-13 09:08:11.572000000,3496.0,3506.0,3476.0,3495.0,150,3496.0,1525,279177,9742417960.0,1366179
2020-03-13 09:08:12.076000000,3496.0,3506.0,3476.0,3495.0,233,3496.0,1474,279255,9745144470.0,1366224
2020-03-13 09:08:12.577000000,3495.0,3506.0,3476.0,3495.0,217,3496.0,1451,279332,9747835950.0,1366250
2020-03-13 09:08:13.076000000,3495.0,3506.0,3476.0,3495.0,489,3496.0,1461,279483,9753113530.0,1366212
2020-03-13 09:08:13.579000000,3495.0,3506.0,3476.0,3495.0,518,3496.0,1378,279522,9754476880.0,1366204
2020-03-13 09:08:14.078000000,3496.0,3506.0,3476.0,3495.0,515,3496.0,1303,279557,9755700410.0,1366196
2020-03-13 09:08:14.573000000,3496.0,3506.0,3476.0,3496.0,11,3497.0,751,280868,9801532850.0,1367046
2020-03-13 09:08:15.076000000,3496.0,3506.0,3476.0,3496.0,638,3497.0,648,280891,9802336990.0,1367046
2020-03-13 09:08:15.573000000,3497.0,3506.0,3476.0,3496.0,684,3498.0,1056,281415,9820661170.0,1367164
2020-03-13 09:08:16.069000000,3498.0,3506.0,3476.0,3497.0,109,3498.0,1051,281455,9822060260.0,1367167
2020-03-13 09:08:16.577000000,3498.0,3506.0,3476.0,3497.0,446,3498.0,755,281754,9832518970.0,1367121
