datetime,KQ.m@SHFE.rb.last_price,KQ.m@SHFE.rb.highest,KQ.m@SHFE.rb.lowest,KQ.m@SHFE.rb.bid_price1,KQ.m@SHFE.rb.bid_volume1,KQ.m@SHFE.rb.ask_price1,KQ.m@SHFE.rb.ask_volume1,KQ.m@SHFE.rb.volume,KQ.m@SHFE.rb.amount,KQ.m@SHFE.rb.open_interest
2020-03-16 09:00:00.566000000,3565.0,3565.0,3557.0,3561.0,202,3563.0,111,9586,341265680.0,1334399
2020-03-16 09:00:01.067000000,3563.0,3565.0,3557.0,3563.0,23,3564.0,20,12085,430330490.0,1333377
2020-03-16 09:00:01.566000000,3564.0,3565.0,3557.0,3564.0,21,3565.0,362,13749,489637750.0,1333047
2020-03-16 09:00:02.066000000,3563.0,3566.0,3557.0,3563.0,61,3564.0,60,15230,542414000.0,1332773
2020-03-16 09:00:02.566000000,3564.0,3566.0,3557.0,3563.0,651,3564.0,11,16763,597045730.0,1332407
2020-03-16 09:00:03.066000000,3564.0,3566.0,3557.0,3564.0,287,3566.0,142,17292,615902190.0,1332555
2020-03-16 09:00:03.566000000,3564.0,3567.0,3557.0,3564.0,376,3566.0,9,17925,638470030.0,1332492
2020-03-16 09:00:04.061000000,3566.0,3567.0,3557.0,3565.0,60,3566.0,229,18471,657932990.0,1332272
2020-03-16 09:00:04.566000000,3566.0,3567.0,3557.0,3565.0,209,3566.0,18,19404,691197000.0,1331961
2020-03-16 09:00:05.065000000,3566.0,3568.0,3557.0,3566.0,408,3568.0,253,19678,700968070.0,1331771
2020-03-16 09:00:05.567000000,3567.0,3568.0,3557.0,3567.0,18,3568.0,173,20077,715199930.0,1331818
2020-03-16 09:00:06.066000000,3567.0,3568.0,3557.0,3567.0,1,3568.0,61,21180,754536250.0,1331274
2020-03-16 09:00:06.565000000,3566.0,3568.0,3557.0,3566.0,51,3567.0,472,21522,766733800.0,1331240
2020-03-16 09:00:07.065000000,3565.0,3568.0,3557.0,3565.0,1745,3566.0,13,22295,794299950.0,1331414
2020-03-16 09:00:07.565000000,3565.0,3568.0,3557.0,3565.0,1785,3567.0,9,22744,810313560.0,1331547
2020-03-16 09:00:08.067000000,3566.0,3568.0,3557.0,3565.0,1689,3566.0,106,23186,826074210.0,1331340
2020-03-16 09:00:08.566000000,3566.0,3568.0,3557.0,3566.0,37,3567.0,18,23615,841372280.0,1331199
2020-03-16 09:00:09.065000000,3567.0,3568.0,3557.0,3566.0,39,3567.0,21,24302,865868690.0,1330930
2020-03-16 09:00:09.565000000,3566.0,3568.0,3557.0,3566.0,2,3567.0,37,24614,876995730.0,1330994
2020-03-16 09:00:10.066000000,3567.0,3570.0,3557.0,3567.0,2,3568.0,39,25494,908394720.0,1330991
2020-03-16 09:00:10.566000000,3568.0,3570.0,3557.0,3568.0,2,3569.0,10,25860,921458270.0,1331057
2020-03-16 09:00:11.067000000,3572.0,3572.0,3557.0,3570.0,7,3572.0,284,26668,950296760.0,1331137
2020-03-16 09:00:11.566000000,3573.0,3573.0,3557.0,3572.0,33,3573.0,88,27414,976939890.0,1331011
2020-03-16 09:00:12.066000000,3573.0,3574.0,3557.0,3573.0,490,3574.0,370,27826,991659930.0,1330885
2020-03-16 09:00:12.567000000,3574.0,3575.0,3557.0,3574.0,193,3575.0,240,28701,1022928090.0,1330704
2020-03-16 09:00:13.065000000,3576.0,3576.0,3557.0,3575.0,8,3576.0,28,29327,1045303510.0,1330706
2020-03-16 09:00:13.562000000,3576.0,3580.0,3557.0,3576.0,440,3580.0,296,30240,1077961790.0,1330967
2020-03-16 09:00:14.065000000,3577.0,3580.0,3557.0,3577.0,114,3579.0,436,30721,1095168380.0,1330938
2020-03-16 09:00:14.566000000,3576.0,3580.0,3557.0,3576.0,539,3577.0,570,31223,1113129120.0,1330895
2020-03-16 09:00:15.060000000,3577.0,3580.0,3557.0,3576.0,378,3577.0,380,31708,1130475830.0,1330556
2020-03-16 09:00:15.563000000,3576.0,3580.0,3557.0,3576.0,19,3577.0,92,32367,1154044280.0,1330165
2020-03-16 09:00:16.062000000,3577.0,3580.0,3557.0,3577.0,202,3578.0,33,32879,1172362380.0,1329973
2020-03-16 09:00:16.558000000,3577.0,3580.0,3557.0,3577.0,218,3579.0,14,33312,1187854040.0,1330043
2020-03-16 09:00:17.066000000,3577.0,3580.0,3557.0,3577.0,708,3579.0,120,33584,1197585820.0,1330139
2020-03-16 09:00:17.566000000,3579.0,3580.0,3557.0,3577.0,165,3579.0,160,34309,1223520830.0,1330193
2020-03-16 09:00:18.067000000,3577.0,3580.0,3557.0,3577.0,28,3578.0,99,34887,1244197520.0,1330422
2020-03-16 09:00:18.566000000,3578.0,3580.0,3557.0,3577.0,10,3578.0,9,35468,1264982110.0,1330436
2020-03-16 09:00:19.058000000,3577.0,3580.0,3557.0,3576.0,356,3577.0,12,36054,1285948050.0,1330469
2020-03-16 09:00:19.565000000,3576.0,3580.0,3557.0,3576.0,380,3577.0,28,36420,1299042580.0,1330390
2020-03-16 09:00:20.065000000,3576.0,3580.0,3557.0,3574.0,666,3576.0,211,37548,1339381230.0,1330831
2020-03-16 09:00:20.561000000,3574.0,3580.0,3557.0,3574.0,2,3575.0,4,38528,1374410280.0,1331503
2020-03-16 09:00:21.065000000,3575.0,3580.0,3557.0,3575.0,252,3576.0,118,40255,1436138180.0,1330937
2020-03-16 09:00:21.563000000,3573.0,3580.0,3557.0,3573.0,36,3574.0,1,41028,1463769790.0,1330778
2020-03-16 09:00:22.063000000,3572.0,3580.0,3557.0,3571.0,9,3572.0,49,41381,1476377120.0,1330825
2020-03-16 09:00:22.564000000,3571.0,3580.0,3557.0,3570.0,9,3571.0,237,41582,1483554580.0,1330808
2020-03-16 09:00:23.066000000,3571.0,3580.0,3557.0,3570.0,1,3571.0,231,41889,1494514980.0,1330757
2020-03-16 09:00:23.566000000,3570.0,3580.0,3557.0,3569.0,373,3570.0,1,41978,1497692540.0,1330790
2020-03-16 09:00:24.059000000,3571.0,3580.0,3557.0,3570.0,284,3571.0,321,42274,1508259860.0,1330800
2020-03-16 09:00:24.567000000,3570.0,3580.0,3557.0,3569.0,423,3570.0,85,42558,1518400160.0,1330780
2020-03-16 09:00:25.059000000,3569.0,3580.0,3557.0,3568.0,740,3569.0,21,43300,1544884950.0,1330929
2020-03-16 09:00:25.564000000,3570.0,3580.0,3557.0,3569.0,18,3570.0,8,44016,1570450550.0,1330570
2020-03-16 09:00:26.066000000,3569.0,3580.0,3557.0,3569.0,6,3570.0,48,44876,1601148520.0,1330062
2020-03-16 09:00:26.563000000,3569.0,3580.0,3557.0,3569.0,45,3570.0,9,45458,1621925950.0,1329777
2020-03-16 09:00:27.066000000,3570.0,3580.0,3557.0,3570.0,336,3572.0,12,46223,1649250960.0,1329812
2020-03-16 09:00:27.565000000,3572.0,3580.0,3557.0,3572.0,65,3573.0,9,46628,1663712900.0,1329605
2020-03-16 09:00:28.065000000,3572.0,3580.0,3557.0,3572.0,1,3573.0,175,47018,1677642470.0,1329544
2020-03-16 09:00:28.566000000,3572.0,3580.0,3557.0,3570.0,121,3572.0,311,47436,1692569300.0,1329374
2020-03-16 09:00:29.061000000,3571.0,3580.0,3557.0,3570.0,32,3572.0,408,47858,1707636710.0,1329402
2020-03-16 09:00:29.565000000,3570.0,3580.0,3557.0,3570.0,35,3571.0,6,48113,1716742110.0,1329413
2020-03-16 09:00:30.067000000,3570.0,3580.0,3557.0,3570.0,29,3571.0,68,48233,1721026540.0,1329455
2020-03-16 09:00:30.561000000,3570.0,3580.0,3557.0,3569.0,36,3570.0,49,48723,1738516810.0,1329792
2020-03-16 09:00:31.066000000,3569.0,3580.0,3557.0,3568.0,705,3569.0,256,49070,1750902890.0,1329828
2020-03-16 09:00:31.564000000,3570.0,3580.0,3557.0,3568.0,509,3570.0,257,49667,1772207960.0,1330201
2020-03-16 09:00:32.066000000,3569.0,3580.0,3557.0,3568.0,456,3569.0,1,49770,1775883570.0,1330210
2020-03-16 09:00:32.566000000,3568.0,3580.0,3557.0,3568.0,468,3569.0,111,49829,1777989130.0,1330232
2020-03-16 09:00:33.060000000,3568.0,3580.0,3557.0,3568.0,163,3569.0,268,50212,1791655480.0,1330369
2020-03-16 09:00:33.563000000,3568.0,3580.0,3557.0,3567.0,316,3568.0,310,50503,1802038370.0,1330411
2020-03-16 09:00:34.054000000,3568.0,3580.0,3557.0,3567.0,161,3568.0,490,50748,1810778770.0,1330350
2020-03-16 09:00:34.567000000,3567.0,3580.0,3557.0,3566.0,197,3567.0,230,51029,1820801980.0,1330390
2020-03-16 09:00:35.067000000,3567.0,3580.0,3557.0,3566.0,121,3567.0,44,51358,1832536780.0,1330148
2020-03-16 09:00:35.566000000,3565.0,3580.0,3557.0,3565.0,689,3566.0,290,51795,1848120980.0,1329962
2020-03-16 09:00:36.065000000,3566.0,3580.0,3557.0,3565.0,682,3566.0,48,52136,1860280990.0,1329846
2020-03-16 09:00:36.561000000,3567.0,3580.0,3557.0,3566.0,468,3567.0,7,52320,1866843470.0,1329793
2020-03-16 09:00:37.059000000,3567.0,3580.0,3557.0,3567.0,360,3569.0,78,53099,1894639460.0,1329550
2020-03-16 09:00:37.564000000,3568.0,3580.0,3557.0,3568.0,40,3569.0,9,53863,1921897070.0,1328972
2020-03-16 09:00:38.063000000,3568.0,3580.0,3557.0,3568.0,71,3569.0,158,54101,1930388460.0,1328941
2020-03-16 09:00:38.565000000,3567.0,3580.0,3557.0,3567.0,92,3568.0,10,54657,1950228900.0,1328896
2020-03-16 09:00:39.066000000,3567.0,3580.0,3557.0,3567.0,135,3568.0,1,54835,1956580360.0,1328924
2020-03-16 09:00:39.559000000,3568.0,3580.0,3557.0,3569.0,22,3570.0,346,55061,1964642790.0,1328929
2020-03-16 09:00:40.064000000,3568.0,3580.0,3557.0,3568.0,5,3569.0,420,55140,1967461870.0,1328944
2020-03-16 09:00:40.551000000,3567.0,3580.0,3557.0,3566.0,397,3567.0,22,55193,1969352470.0,1328934
2020-03-16 09:00:41.065000000,3567.0,3580.0,3557.0,3566.0,4,3567.0,23,55709,1987752550.0,1328790
2020-03-16 09:00:41.566000000,3566.0,3580.0,3557.0,3565.0,553,3566.0,138,55875,1993672600.0,1328751
2020-03-16 09:00:42.063000000,3566.0,3580.0,3557.0,3565.0,343,3566.0,82,56168,2004118780.0,1328562
2020-03-16 09:00:42.560000000,3566.0,3580.0,3557.0,3566.0,40,3567.0,263,56508,2016241830.0,1328533
2020-03-16 09:00:43.059000000,3565.0,3580.0,3557.0,3565.0,147,3567.0,220,56752,2024942100.0,1328497
2020-03-16 09:00:43.565000000,3566.0,3580.0,3557.0,3566.0,13,3567.0,106,56940,2031647190.0,1328454
2020-03-16 09:00:44.063000000,3566.0,3580.0,3557.0,3565.0,28,3566.0,71,57139,2038742830.0,1328343
2020-03-16 09:00:44.560000000,3566.0,3580.0,3557.0,3565.0,87,3566.0,191,57232,2042058830.0,1328295
2020-03-16 09:00:45.067000000,3565.0,3580.0,3557.0,3565.0,53,3566.0,86,57380,2047336250.0,1328285
2020-03-16 09:00:45.560000000,3565.0,3580.0,3557.0,3564.0,714,3565.0,74,57561,2053789320.0,1328159
2020-03-16 09:00:46.065000000,3565.0,3580.0,3557.0,3564.0,723,3565.0,81,57738,2060099300.0,1328079
2020-03-16 09:00:46.559000000,3565.0,3580.0,3557.0,3564.0,743,3565.0,153,57870,2064804950.0,1328133
2020-03-16 09:00:47.065000000,3566.0,3580.0,3557.0,3565.0,164,3566.0,359,58107,2073254210.0,1328258
2020-03-16 09:00:47.547000000,3564.0,3580.0,3557.0,3564.0,697,3566.0,319,58357,2082166490.0,1328359
2020-03-16 09:00:48.065000000,3565.0,3580.0,3557.0,3565.0,490,3566.0,298,58488,2086836520.0,1328377
2020-03-16 09:00:48.554000000,3565.0,3580.0,3557.0,3565.0,525,3566.0,258,58582,2090188080.0,1328352
2020-03-16 09:00:49.060000000,3566.0,3580.0,3557.0,3565.0,469,3566.0,254,58740,2095820850.0,1328216
2020-03-16 09:00:49.566000000,3564.0,3580.0,3557.0,3564.0,669,3565.0,1,59313,2116248720.0,1328002
2020-03-16 09:00:50.057000000,3565.0,3580.0,3557.0,3565.0,27,3566.0,184,59512,2123343660.0,1327920
2020-03-16 09:00:50.566000000,3566.0,3580.0,3557.0,3566.0,56,3567.0,75,59855,2135574010.0,1327961
2020-03-16 09:00:51.066000000,3567.0,3580.0,3557.0,3566.0,4,3567.0,219,59992,2140459160.0,1327974
2020-03-16 09:00:51.563000000,3566.0,3580.0,3557.0,3564.0,30,3566.0,486,60768,2168116960.0,1327608
2020-03-16 09:00:52.066000000,3566.0,3580.0,3557.0,3564.0,129,3566.0,462,60939,2174213470.0,1327676
2020-03-16 09:00:52.566000000,3565.0,3580.0,3557.0,3565.0,205,3566.0,393,61054,2178314080.0,1327666
2020-03-16 09:00:53.061000000,3566.0,3580.0,3557.0,3565.0,183,3566.0,324,61156,2181951020.0,1327658
2020-03-16 09:00:53.562000000,3565.0,3580.0,3557.0,3565.0,114,3566.0,337,61236,2184803130.0,1327604
2020-03-16 09:00:54.055000000,3564.0,3580.0,3557.0,3564.0,285,3565.0,230,61587,2197316070.0,1327703
2020-03-16 09:00:54.565000000,3565.0,3580.0,3557.0,3565.0,25,3566.0,144,62137,2216920840.0,1327948
2020-03-16 09:00:55.066000000,3564.0,3580.0,3557.0,3563.0,750,3564.0,2,62420,2227009340.0,1327957
2020-03-16 09:00:55.566000000,3564.0,3580.0,3557.0,3564.0,53,3565.0,91,62750,2238770630.0,1327813
2020-03-16 09:00:56.065000000,3565.0,3580.0,3557.0,3565.0,28,3566.0,257,62879,2243369210.0,1327917
2020-03-16 09:00:56.556000000,3566.0,3580.0,3557.0,3565.0,9,3566.0,256,63134,2252460520.0,1327932
2020-03-16 09:00:57.066000000,3565.0,3580.0,3557.0,3565.0,8,3566.0,282,63379,2261194680.0,1327987
2020-03-16 09:00:57.566000000,3564.0,3580.0,3557.0,3564.0,138,3565.0,60,63575,2268183180.0,1327871
2020-03-16 09:00:58.065000000,3564.0,3580.0,3557.0,3564.0,154,3565.0,103,63662,2271284640.0,1327828
2020-03-16 09:00:58.565000000,3565.0,3580.0,3557.0,3564.0,118,3565.0,20,63890,2279412600.0,1327817
2020-03-16 09:00:59.067000000,3564.0,3580.0,3557.0,3564.0,62,3565.0,43,64042,2284830280.0,1327855
2020-03-16 09:00:59.553000000,3565.0,3580.0,3557.0,3563.0,796,3564.0,12,64146,2288537160.0,1327897
2020-03-16 09:01:00.054000000,3564.0,3580.0,3557.0,3563.0,811,3564.0,170,64288,2293598540.0,1327865
2020-03-16 09:01:00.560000000,3563.0,3580.0,3557.0,3563.0,38,3564.0,185,65146,2324169840.0,1327486
2020-03-16 09:01:01.065000000,3563.0,3580.0,3557.0,3562.0,608,3563.0,615,65861,2349639620.0,1328018
2020-03-16 09:01:01.567000000,3562.0,3580.0,3557.0,3561.0,1175,3562.0,46,66529,2373433770.0,1328306
2020-03-16 09:01:02.058000000,3561.0,3580.0,3557.0,3561.0,870,3562.0,364,66947,2388319790.0,1328214
2020-03-16 09:01:02.566000000,3561.0,3580.0,3557.0,3561.0,266,3562.0,315,67744,2416702730.0,1328038
2020-03-16 09:01:03.064000000,3561.0,3580.0,3557.0,3560.0,1395,3561.0,567,68040,2427243160.0,1327914
2020-03-16 09:01:03.567000000,3560.0,3580.0,3557.0,3560.0,1306,3561.0,578,68242,2434435500.0,1328022
2020-03-16 09:01:04.062000000,3560.0,3580.0,3557.0,3560.0,503,3561.0,547,69137,2466297850.0,1328537
2020-03-16 09:01:04.565000000,3560.0,3580.0,3557.0,3559.0,253,3560.0,194,69753,2488227300.0,1328166
2020-03-16 09:01:05.066000000,3559.0,3580.0,3557.0,3559.0,142,3560.0,713,69884,2492889760.0,1328139
2020-03-16 09:01:05.562000000,3559.0,3580.0,3557.0,3558.0,92,3559.0,187,70099,2500541620.0,1328021
2020-03-16 09:01:06.059000000,3558.0,3580.0,3557.0,3558.0,83,3559.0,85,70383,2510648770.0,1328003
2020-03-16 09:01:06.565000000,3558.0,3580.0,3557.0,3558.0,212,3559.0,33,70714,2522428960.0,1327942
2020-03-16 09:01:07.066000000,3559.0,3580.0,3557.0,3559.0,58,3560.0,672,70900,2529048790.0,1327940
2020-03-16 09:01:07.565000000,3559.0,3580.0,3557.0,3558.0,218,3559.0,232,71321,2544031620.0,1328223
2020-03-16 09:01:08.063000000,3559.0,3580.0,3557.0,3558.0,91,3560.0,419,71957,2566669330.0,1327879
2020-03-16 09:01:08.562000000,3560.0,3580.0,3557.0,3559.0,191,3560.0,440,72013,2568662480.0,1327864
2020-03-16 09:01:09.066000000,3559.0,3580.0,3557.0,3558.0,333,3559.0,40,72564,2588275220.0,1327590
2020-03-16 09:01:09.565000000,3559.0,3580.0,3557.0,3559.0,255,3561.0,144,72820,2597387340.0,1327563
2020-03-16 09:01:10.063000000,3560.0,3580.0,3557.0,3560.0,45,3562.0,425,73241,2612376440.0,1327328
2020-03-16 09:01:10.549000000,3561.0,3580.0,3557.0,3560.0,490,3561.0,1,73352,2616328530.0,1327277
2020-03-16 09:01:11.061000000,3561.0,3580.0,3557.0,3561.0,47,3562.0,171,73834,2633489180.0,1327420
2020-03-16 09:01:11.564000000,3561.0,3580.0,3557.0,3561.0,12,3562.0,276,74098,2642888780.0,1327468
2020-03-16 09:01:12.066000000,3561.0,3580.0,3557.0,3560.0,59,3561.0,245,74438,2654995070.0,1327511
2020-03-16 09:01:12.560000000,3560.0,3580.0,3557.0,3560.0,51,3561.0,376,74577,2659943790.0,1327486
2020-03-16 09:01:13.063000000,3560.0,3580.0,3557.0,3559.0,291,3560.0,27,74743,2665853350.0,1327530
2020-03-16 09:01:13.567000000,3560.0,3580.0,3557.0,3559.0,98,3560.0,282,74869,2670338630.0,1327517
2020-03-16 09:01:14.066000000,3559.0,3580.0,3557.0,3559.0,80,3560.0,86,75516,2693372310.0,1327979
2020-03-16 09:01:14.567000000,3559.0,3580.0,3557.0,3559.0,340,3560.0,58,75803,2703588090.0,1327954
2020-03-16 09:01:15.058000000,3559.0,3580.0,3557.0,3560.0,4,3561.0,292,76021,2711347620.0,1327940
2020-03-16 09:01:15.567000000,3560.0,3580.0,3557.0,3559.0,19,3560.0,109,76713,2735974430.0,1327690
2020-03-16 09:01:16.066000000,3559.0,3580.0,3557.0,3558.0,111,3559.0,253,76816,2739639500.0,1327768
2020-03-16 09:01:16.561000000,3559.0,3580.0,3557.0,3558.0,1,3559.0,258,77046,2747824080.0,1327759
2020-03-16 09:01:17.058000000,3558.0,3580.0,3557.0,3557.0,454,3559.0,214,77126,2750670850.0,1327753
2020-03-16 09:01:17.565000000,3558.0,3580.0,3557.0,3557.0,485,3558.0,10,77356,2758855640.0,1327668
2020-03-16 09:01:18.057000000,3558.0,3580.0,3557.0,3558.0,96,3559.0,74,77966,2780559660.0,1327836
2020-03-16 09:01:18.564000000,3558.0,3580.0,3557.0,3558.0,158,3559.0,48,78222,2789670190.0,1327832
2020-03-16 09:01:19.065000000,3559.0,3580.0,3557.0,3558.0,234,3559.0,14,78530,2800631310.0,1327607
2020-03-16 09:01:19.564000000,3558.0,3580.0,3557.0,3558.0,165,3559.0,11,78684,2806111000.0,1327548
2020-03-16 09:01:20.065000000,3558.0,3580.0,3557.0,3558.0,29,3559.0,5,79008,2817640230.0,1327385
2020-03-16 09:01:20.566000000,3558.0,3580.0,3557.0,3557.0,495,3558.0,94,79313,2828492740.0,1327490
2020-03-16 09:01:21.065000000,3558.0,3580.0,3557.0,3557.0,479,3558.0,58,79451,2833402660.0,1327400
2020-03-16 09:01:21.565000000,3558.0,3580.0,3557.0,3557.0,721,3558.0,47,79775,2844930110.0,1327291
2020-03-16 09:01:22.064000000,3558.0,3580.0,3557.0,3558.0,284,3559.0,175,79900,2849378050.0,1327353
2020-03-16 09:01:22.567000000,3558.0,3580.0,3557.0,3559.0,6,3560.0,478,80204,2860196230.0,1327268
2020-03-16 09:01:23.067000000,3560.0,3580.0,3557.0,3559.0,11,3560.0,508,80518,2871371520.0,1327337
2020-03-16 09:01:23.563000000,3558.0,3580.0,3557.0,3558.0,263,3560.0,497,80694,2877634610.0,1327314
2020-03-16 09:01:24.066000000,3560.0,3580.0,3557.0,3558.0,266,3560.0,376,80895,2884789340.0,1327197
2020-03-16 09:01:24.561000000,3560.0,3580.0,3557.0,3559.0,33,3560.0,278,81032,2889666220.0,1327168
2020-03-16 09:01:25.067000000,3560.0,3580.0,3557.0,3560.0,78,3561.0,206,81456,2904760220.0,1327023
2020-03-16 09:01:25.565000000,3560.0,3580.0,3557.0,3560.0,186,3562.0,358,82085,2927155780.0,1326807
2020-03-16 09:01:26.065000000,3560.0,3580.0,3557.0,3561.0,73,3562.0,321,82129,2928722360.0,1326792
2020-03-16 09:01:26.567000000,3561.0,3580.0,3557.0,3561.0,1,3562.0,13,82605,2945675710.0,1326674
2020-03-16 09:01:27.065000000,3562.0,3580.0,3557.0,3562.0,128,3563.0,332,82781,2951944840.0,1326590
2020-03-16 09:01:27.566000000,3563.0,3580.0,3557.0,3562.0,141,3563.0,31,83268,2969294860.0,1326638
2020-03-16 09:01:28.067000000,3563.0,3580.0,3557.0,3563.0,328,3564.0,234,83347,2972109630.0,1326666
2020-03-16 09:01:28.567000000,3564.0,3580.0,3557.0,3564.0,43,3565.0,285,83633,2982301580.0,1326594
2020-03-16 09:01:29.065000000,3564.0,3580.0,3557.0,3564.0,176,3565.0,154,83781,2987577610.0,1326538
2020-03-16 09:01:29.562000000,3565.0,3580.0,3557.0,3565.0,686,3566.0,402,83964,2994101560.0,1326472
2020-03-16 09:01:30.067000000,3565.0,3580.0,3557.0,3565.0,731,3566.0,1,84472,3012215880.0,1326545
2020-03-16 09:01:30.566000000,3566.0,3580.0,3557.0,3566.0,135,3567.0,324,84512,3013642290.0,1326541
2020-03-16 09:01:31.059000000,3566.0,3580.0,3557.0,3566.0,13,3567.0,252,84849,3025657930.0,1326400
2020-03-16 09:01:31.566000000,3565.0,3580.0,3557.0,3565.0,577,3566.0,48,85032,3032183550.0,1326285
2020-03-16 09:01:32.063000000,3566.0,3580.0,3557.0,3566.0,72,3567.0,248,85121,3035357330.0,1326252
2020-03-16 09:01:32.564000000,3567.0,3580.0,3557.0,3566.0,146,3567.0,157,85305,3041919920.0,1326208
2020-03-16 09:01:33.064000000,3566.0,3580.0,3557.0,3566.0,220,3567.0,6,85528,3049873560.0,1326265
2020-03-16 09:01:33.566000000,3567.0,3580.0,3557.0,3567.0,193,3568.0,212,85626,3053368900.0,1326257
2020-03-16 09:01:34.060000000,3568.0,3580.0,3557.0,3567.0,299,3568.0,159,85743,3057543000.0,1326288
2020-03-16 09:01:34.567000000,3567.0,3580.0,3557.0,3567.0,331,3569.0,188,85954,3065071020.0,1326298
2020-03-16 09:01:35.067000000,3569.0,3580.0,3557.0,3568.0,34,3569.0,112,86088,3069853080.0,1326218
2020-03-16 09:01:35.565000000,3569.0,3580.0,3557.0,3568.0,100,3569.0,49,86251,3075669550.0,1326112
2020-03-16 09:01:36.062000000,3569.0,3580.0,3557.0,3569.0,49,3570.0,1628,86302,3077489740.0,1326116
2020-03-16 09:01:36.564000000,3569.0,3580.0,3557.0,3568.0,123,3570.0,1664,86619,3088803390.0,1326113
2020-03-16 09:01:37.066000000,3570.0,3580.0,3557.0,3569.0,35,3570.0,1639,86723,3092515030.0,1326129
2020-03-16 09:01:37.562000000,3570.0,3580.0,3557.0,3569.0,501,3570.0,1454,87049,3104151880.0,1326087
2020-03-16 09:01:38.067000000,3569.0,3580.0,3557.0,3569.0,267,3570.0,16,88787,3166195270.0,1327478
2020-03-16 09:01:38.566000000,3570.0,3580.0,3557.0,3570.0,591,3571.0,165,88988,3173371250.0,1327576
2020-03-16 09:01:39.057000000,3571.0,3580.0,3557.0,3571.0,221,3572.0,244,89175,3180049020.0,1327550
2020-03-16 09:01:39.566000000,3571.0,3580.0,3557.0,3571.0,31,3572.0,61,89624,3196084340.0,1327306
2020-03-16 09:01:40.067000000,3572.0,3580.0,3557.0,3571.0,88,3572.0,104,89716,3199369880.0,1327291
2020-03-16 09:01:40.567000000,3571.0,3580.0,3557.0,3571.0,181,3572.0,25,89915,3206477000.0,1327350
2020-03-16 09:01:41.066000000,3573.0,3580.0,3557.0,3572.0,24,3573.0,130,90217,3217263580.0,1327460
2020-03-16 09:01:41.557000000,3571.0,3580.0,3557.0,3571.0,241,3572.0,30,90529,3228408580.0,1327445
2020-03-16 09:01:42.061000000,3572.0,3580.0,3557.0,3572.0,15,3573.0,103,90777,3237266750.0,1327440
2020-03-16 09:01:42.556000000,3572.0,3580.0,3557.0,3572.0,14,3573.0,10,91145,3250413890.0,1327301
2020-03-16 09:01:43.061000000,3573.0,3580.0,3557.0,3573.0,120,3574.0,187,91226,3253307740.0,1327324
2020-03-16 09:01:43.561000000,3573.0,3580.0,3557.0,3573.0,297,3574.0,192,91314,3256452130.0,1327336
2020-03-16 09:01:44.066000000,3574.0,3580.0,3557.0,3574.0,177,3575.0,301,91528,3264100550.0,1327460
2020-03-16 09:01:44.561000000,3575.0,3580.0,3557.0,3575.0,67,3576.0,214,91866,3276183740.0,1327459
2020-03-16 09:01:45.066000000,3576.0,3580.0,3557.0,3576.0,158,3577.0,104,92196,3287983490.0,1327520
2020-03-16 09:01:45.560000000,3576.0,3580.0,3557.0,3577.0,112,3578.0,269,92353,3293598840.0,1327605
2020-03-16 09:01:46.060000000,3578.0,3580.0,3557.0,3577.0,6,3578.0,191,93146,3321962910.0,1327667
2020-03-16 09:01:46.566000000,3576.0,3580.0,3557.0,3575.0,98,3576.0,2,93955,3350887650.0,1327128
2020-03-16 09:01:47.055000000,3575.0,3580.0,3557.0,3573.0,20,3575.0,258,94968,3387090820.0,1327547
2020-03-16 09:01:47.564000000,3573.0,3580.0,3557.0,3572.0,613,3574.0,177,95243,3396916130.0,1327554
2020-03-16 09:01:48.067000000,3574.0,3580.0,3557.0,3572.0,6,3574.0,483,96263,3433352060.0,1327490
2020-03-16 09:01:48.549000000,3572.0,3580.0,3557.0,3571.0,133,3572.0,111,96362,3436888340.0,1327433
2020-03-16 09:01:49.067000000,3570.0,3580.0,3557.0,3570.0,313,3571.0,326,96534,3443030360.0,1327439
2020-03-16 09:01:49.565000000,3571.0,3580.0,3557.0,3569.0,263,3571.0,156,96975,3458775190.0,1327627
2020-03-16 09:01:50.054000000,3569.0,3580.0,3557.0,3568.0,78,3569.0,2,97334,3471588400.0,1327817
2020-03-16 09:01:50.557000000,3569.0,3580.0,3557.0,3568.0,15,3569.0,76,97492,3477226210.0,1327794
2020-03-16 09:01:51.063000000,3569.0,3580.0,3557.0,3568.0,5,3569.0,268,97609,3481400960.0,1327789
2020-03-16 09:01:51.563000000,3568.0,3580.0,3557.0,3568.0,9,3569.0,317,97752,3486503230.0,1327870
2020-03-16 09:01:52.067000000,3569.0,3580.0,3557.0,3567.0,278,3569.0,237,97906,3491998960.0,1327806
2020-03-16 09:01:52.567000000,3569.0,3580.0,3557.0,3567.0,333,3569.0,229,97964,3494068820.0,1327787
2020-03-16 09:01:53.057000000,3567.0,3580.0,3557.0,3567.0,113,3568.0,514,98255,3504449980.0,1327682
2020-03-16 09:01:53.566000000,3568.0,3580.0,3557.0,3567.0,25,3568.0,115,98885,3526927020.0,1327248
2020-03-16 09:01:54.065000000,3569.0,3580.0,3557.0,3568.0,1,3569.0,161,99040,3532457090.0,1327299
2020-03-16 09:01:54.559000000,3569.0,3580.0,3557.0,3568.0,28,3569.0,195,99114,3535097460.0,1327266
2020-03-16 09:01:55.066000000,3568.0,3580.0,3557.0,3568.0,8,3569.0,66,99352,3543590600.0,1327228
2020-03-16 09:01:55.566000000,3568.0,3580.0,3557.0,3568.0,21,3569.0,82,99445,3546908960.0,1327273
2020-03-16 09:01:56.066000000,3567.0,3580.0,3557.0,3567.0,283,3568.0,73,99706,3556221700.0,1327211
2020-03-16 09:01:56.552000000,3568.0,3580.0,3557.0,3567.0,154,3568.0,92,100026,3567638040.0,1327279
2020-03-16 09:01:57.065000000,3568.0,3580.0,3557.0,3567.0,54,3568.0,9,100392,3580695710.0,1327287
2020-03-16 09:01:57.561000000,3568.0,3580.0,3557.0,3567.0,106,3568.0,4,100532,3585690600.0,1327337
2020-03-16 09:01:58.058000000,3568.0,3580.0,3557.0,3567.0,100,3568.0,13,100702,3591755680.0,1327239
2020-03-16 09:01:58.564000000,3567.0,3580.0,3557.0,3566.0,52,3567.0,44,100906,3599031400.0,1327098
2020-03-16 09:01:59.055000000,3566.0,3580.0,3557.0,3566.0,26,3567.0,115,101065,3604702240.0,1327068
2020-03-16 09:01:59.563000000,3567.0,3580.0,3557.0,3567.0,40,3568.0,140,101411,3617043230.0,1327109
2020-03-16 09:02:00.060000000,3568.0,3580.0,3557.0,3567.0,63,3568.0,144,101478,3619433200.0,1327117
2020-03-16 09:02:00.564000000,3567.0,3580.0,3557.0,3567.0,20,3568.0,127,101542,3621716120.0,1327104
2020-03-16 09:02:01.049000000,3567.0,3580.0,3557.0,3567.0,65,3568.0,163,101561,3622393880.0,1327108
2020-03-16 09:02:01.564000000,3567.0,3580.0,3557.0,3567.0,27,3568.0,219,101663,3626032890.0,1327126
2020-03-16 09:02:02.055000000,3568.0,3580.0,3557.0,3567.0,79,3568.0,161,101818,3631562650.0,1327134
2020-03-16 09:02:02.566000000,3567.0,3580.0,3557.0,3567.0,79,3568.0,178,101896,3634344980.0,1327151
2020-03-16 09:02:03.067000000,3567.0,3580.0,3557.0,3567.0,72,3568.0,242,101923,3635308250.0,1327153
2020-03-16 09:02:03.549000000,3568.0,3580.0,3557.0,3567.0,163,3568.0,48,102215,3645726020.0,1326970
2020-03-16 09:02:04.065000000,3567.0,3580.0,3557.0,3567.0,192,3569.0,230,102433,3653503630.0,1326921
2020-03-16 09:02:04.566000000,3569.0,3580.0,3557.0,3569.0,2,3570.0,388,102759,3665135820.0,1326947
2020-03-16 09:02:05.067000000,3570.0,3580.0,3557.0,3570.0,28,3571.0,72,103273,3683485510.0,1326823
2020-03-16 09:02:05.567000000,3570.0,3580.0,3557.0,3570.0,11,3571.0,127,103442,3689519460.0,1326769
2020-03-16 09:02:06.059000000,3570.0,3580.0,3557.0,3570.0,23,3571.0,184,103636,3696445170.0,1326785
2020-03-16 09:02:06.567000000,3570.0,3580.0,3557.0,3569.0,14,3570.0,138,103788,3701871260.0,1326766
2020-03-16 09:02:07.051000000,3570.0,3580.0,3557.0,3568.0,411,3570.0,102,104084,3712436220.0,1326628
2020-03-16 09:02:07.565000000,3568.0,3580.0,3557.0,3568.0,140,3569.0,5,104797,3737882280.0,1326424
2020-03-16 09:02:08.067000000,3571.0,3580.0,3557.0,3571.0,258,3572.0,780,105185,3751735970.0,1326372
2020-03-16 09:02:08.567000000,3572.0,3580.0,3557.0,3571.0,34,3572.0,642,105605,3766734100.0,1326617
2020-03-16 09:02:09.066000000,3570.0,3580.0,3557.0,3570.0,437,3571.0,12,105699,3770090270.0,1326701
2020-03-16 09:02:09.565000000,3571.0,3580.0,3557.0,3571.0,44,3572.0,612,105793,3773447360.0,1326755
2020-03-16 09:02:10.063000000,3572.0,3580.0,3557.0,3571.0,606,3572.0,637,105827,3774661630.0,1326772
2020-03-16 09:02:10.563000000,3572.0,3580.0,3557.0,3572.0,308,3573.0,285,106500,3798701320.0,1326209
2020-03-16 09:02:11.063000000,3573.0,3580.0,3557.0,3573.0,246,3574.0,207,106859,3811528410.0,1326181
2020-03-16 09:02:11.567000000,3574.0,3580.0,3557.0,3574.0,8,3575.0,373,107053,3818461630.0,1326133
2020-03-16 09:02:12.066000000,3574.0,3580.0,3557.0,3574.0,2,3575.0,425,107227,3824679890.0,1326198
2020-03-16 09:02:12.562000000,3574.0,3580.0,3557.0,3573.0,720,3574.0,97,107285,3826752660.0,1326237
2020-03-16 09:02:13.042000000,3573.0,3580.0,3557.0,3574.0,1,3575.0,444,107632,3839154460.0,1326285
2020-03-16 09:02:13.567000000,3575.0,3580.0,3557.0,3574.0,23,3575.0,424,107721,3842335230.0,1326283
2020-03-16 09:02:14.063000000,3574.0,3580.0,3557.0,3574.0,2,3575.0,172,107993,3852058920.0,1326151
2020-03-16 09:02:14.564000000,3575.0,3580.0,3557.0,3575.0,218,3576.0,243,108219,3860138340.0,1326271
2020-03-16 09:02:15.063000000,3575.0,3580.0,3557.0,3575.0,158,3576.0,189,108356,3865036170.0,1326333
2020-03-16 09:02:15.561000000,3576.0,3580.0,3557.0,3575.0,18,3576.0,75,108694,3877120990.0,1326523
2020-03-16 09:02:16.060000000,3576.0,3580.0,3557.0,3575.0,505,3576.0,121,108787,3880445970.0,1326527
2020-03-16 09:02:16.567000000,3576.0,3580.0,3557.0,3576.0,60,3577.0,398,108929,3885523890.0,1326476
2020-03-16 09:02:17.064000000,3576.0,3580.0,3557.0,3575.0,517,3576.0,5,109150,3893426780.0,1326508
2020-03-16 09:02:17.565000000,3577.0,3580.0,3557.0,3576.0,42,3577.0,371,109560,3908087660.0,1326494
2020-03-16 09:02:18.061000000,3575.0,3580.0,3557.0,3575.0,477,3576.0,49,109770,3915596850.0,1326509
2020-03-16 09:02:18.566000000,3576.0,3580.0,3557.0,3576.0,9,3577.0,385,109999,3923786020.0,1326634
2020-03-16 09:02:19.067000000,3577.0,3580.0,3557.0,3576.0,5,3577.0,177,110315,3935087720.0,1326866
2020-03-16 09:02:19.562000000,3577.0,3580.0,3557.0,3577.0,44,3578.0,919,110683,3948252040.0,1327040
2020-03-16 09:02:20.058000000,3578.0,3580.0,3557.0,3576.0,71,3578.0,882,110943,3957552480.0,1327072
2020-03-16 09:02:20.566000000,3576.0,3580.0,3557.0,3576.0,4,3577.0,1,111326,3971249510.0,1327177
2020-03-16 09:02:21.067000000,3576.0,3580.0,3557.0,3576.0,29,3577.0,1,111619,3981729700.0,1327125
2020-03-16 09:02:21.564000000,3577.0,3580.0,3557.0,3577.0,16,3578.0,815,112034,3996573260.0,1327266
2020-03-16 09:02:22.059000000,3576.0,3580.0,3557.0,3576.0,17,3577.0,351,112412,4010092480.0,1327241
2020-03-16 09:02:22.562000000,3576.0,3580.0,3557.0,3576.0,5,3577.0,533,112519,4013918910.0,1327277
2020-03-16 09:02:23.068000000,3576.0,3580.0,3557.0,3575.0,794,3576.0,173,113305,4042019560.0,1327783
2020-03-16 09:02:23.565000000,3576.0,3580.0,3557.0,3574.0,151,3576.0,341,114137,4071763670.0,1328501
2020-03-16 09:02:24.068000000,3574.0,3580.0,3557.0,3573.0,339,3574.0,128,114717,4092489860.0,1328511
2020-03-16 09:02:24.567000000,3572.0,3580.0,3557.0,3572.0,149,3573.0,49,115138,4107532940.0,1328745
2020-03-16 09:02:25.067000000,3571.0,3580.0,3557.0,3571.0,636,3572.0,106,115358,4115390840.0,1328745
2020-03-16 09:02:25.553000000,3573.0,3580.0,3557.0,3571.0,23,3573.0,239,116171,4144425570.0,1329390
2020-03-16 09:02:26.060000000,3572.0,3580.0,3557.0,3571.0,33,3572.0,44,116389,4152212160.0,1329522
2020-03-16 09:02:26.560000000,3572.0,3580.0,3557.0,3570.0,115,3571.0,20,116625,4160641270.0,1329658
2020-03-16 09:02:27.059000000,3572.0,3580.0,3557.0,3571.0,9,3572.0,47,116801,4166926950.0,1329724
2020-03-16 09:02:27.561000000,3572.0,3580.0,3557.0,3572.0,332,3573.0,247,117072,4176607000.0,1329911
2020-03-16 09:02:28.068000000,3572.0,3580.0,3557.0,3572.0,360,3573.0,70,117195,4181001300.0,1329960
2020-03-16 09:02:28.565000000,3573.0,3580.0,3557.0,3573.0,64,3574.0,155,117274,4183823970.0,1329940
2020-03-16 09:02:29.065000000,3572.0,3580.0,3557.0,3572.0,390,3574.0,156,117585,4194935110.0,1329932
2020-03-16 09:02:29.564000000,3573.0,3580.0,3557.0,3573.0,15,3574.0,124,117794,4202403150.0,1329978
2020-03-16 09:02:30.057000000,3575.0,3580.0,3557.0,3574.0,53,3575.0,584,118072,4212338260.0,1329906
2020-03-16 09:02:30.562000000,3572.0,3580.0,3557.0,3571.0,385,3572.0,45,118597,4231093390.0,1330191
2020-03-16 09:02:31.048000000,3572.0,3580.0,3557.0,3572.0,292,3573.0,1,118737,4236095090.0,1330192
2020-03-16 09:02:31.565000000,3573.0,3580.0,3557.0,3572.0,336,3573.0,13,118751,4236595270.0,1330197
2020-03-16 09:02:32.061000000,3574.0,3580.0,3557.0,3572.0,429,3574.0,133,118785,4237810090.0,1330197
2020-03-16 09:02:32.566000000,3574.0,3580.0,3557.0,3573.0,15,3574.0,121,118838,4239703890.0,1330203
2020-03-16 09:02:33.055000000,3573.0,3580.0,3557.0,3573.0,66,3575.0,620,119103,4249173870.0,1330133
2020-03-16 09:02:33.562000000,3574.0,3580.0,3557.0,3574.0,122,3575.0,577,119328,4257215520.0,1330127
2020-03-16 09:02:34.066000000,3574.0,3580.0,3557.0,3573.0,117,3575.0,598,119521,4264113610.0,1330128
2020-03-16 09:02:34.565000000,3574.0,3580.0,3557.0,3573.0,98,3574.0,2,119607,4267187420.0,1330182
2020-03-16 09:02:35.064000000,3574.0,3580.0,3557.0,3573.0,128,3574.0,11,119803,4274191830.0,1330156
2020-03-16 09:02:35.564000000,3575.0,3580.0,3557.0,3574.0,47,3575.0,363,119863,4276336240.0,1330157
2020-03-16 09:02:36.063000000,3575.0,3580.0,3557.0,3574.0,128,3575.0,305,119934,4278874030.0,1330179
2020-03-16 09:02:36.567000000,3575.0,3580.0,3557.0,3574.0,131,3575.0,3,120357,4293995220.0,1329981
2020-03-16 09:02:37.067000000,3575.0,3580.0,3557.0,3575.0,72,3576.0,518,120406,4295747010.0,1329965
2020-03-16 09:02:37.567000000,3574.0,3580.0,3557.0,3574.0,199,3575.0,2,120646,4304326960.0,1330146
2020-03-16 09:02:38.055000000,3574.0,3580.0,3557.0,3575.0,3,3576.0,466,120736,4307544230.0,1330174
2020-03-16 09:02:38.564000000,3575.0,3580.0,3557.0,3574.0,212,3575.0,175,120793,4309581920.0,1330151
2020-03-16 09:02:39.064000000,3575.0,3580.0,3557.0,3574.0,189,3575.0,156,120845,4311440790.0,1330151
2020-03-16 09:02:39.567000000,3575.0,3580.0,3557.0,3574.0,102,3575.0,142,121018,4317624280.0,1330109
2020-03-16 09:02:40.065000000,3576.0,3580.0,3557.0,3575.0,283,3576.0,462,121325,4328598950.0,1330013
2020-03-16 09:02:40.563000000,3576.0,3580.0,3557.0,3575.0,270,3576.0,447,121388,4330851310.0,1330002
2020-03-16 09:02:41.067000000,3576.0,3580.0,3557.0,3575.0,63,3576.0,449,121615,4338966650.0,1329800
2020-03-16 09:02:41.561000000,3575.0,3580.0,3557.0,3574.0,83,3575.0,132,121730,4343077860.0,1329799
2020-03-16 09:02:42.066000000,3575.0,3580.0,3557.0,3574.0,30,3575.0,24,122007,4352979520.0,1329989
2020-03-16 09:02:42.565000000,3575.0,3580.0,3557.0,3574.0,53,3575.0,174,122175,4358984420.0,1330066
2020-03-16 09:02:43.060000000,3575.0,3580.0,3557.0,3574.0,3,3575.0,312,122272,4362451330.0,1330091
2020-03-16 09:02:43.561000000,3575.0,3580.0,3557.0,3574.0,70,3575.0,311,122306,4363666580.0,1330120
2020-03-16 09:02:44.067000000,3575.0,3580.0,3557.0,3575.0,52,3576.0,532,122896,4384755090.0,1330198
2020-03-16 09:02:44.553000000,3574.0,3580.0,3557.0,3573.0,18,3574.0,232,123180,4394907030.0,1330317
2020-03-16 09:02:45.067000000,3574.0,3580.0,3557.0,3574.0,6,3575.0,37,123498,4406272520.0,1330288
2020-03-16 09:02:45.566000000,3574.0,3580.0,3557.0,3574.0,270,3575.0,85,123585,4409382200.0,1330305
2020-03-16 09:02:46.064000000,3575.0,3580.0,3557.0,3575.0,82,3576.0,402,123847,4418750210.0,1330339
2020-03-16 09:02:46.554000000,3576.0,3580.0,3557.0,3575.0,112,3576.0,112,124227,4432338460.0,1330371
2020-03-16 09:02:47.062000000,3575.0,3580.0,3557.0,3575.0,236,3577.0,578,124429,4439561210.0,1330319
2020-03-16 09:02:47.565000000,3576.0,3580.0,3557.0,3575.0,51,3576.0,41,124906,4456614060.0,1330096
2020-03-16 09:02:48.063000000,3576.0,3580.0,3557.0,3576.0,353,3577.0,606,125146,4465196190.0,1330040
2020-03-16 09:02:48.560000000,3577.0,3580.0,3557.0,3577.0,201,3578.0,1039,125844,4490162960.0,1329684
2020-03-16 09:02:49.067000000,3577.0,3580.0,3557.0,3577.0,256,3578.0,906,125984,4495171760.0,1329771
2020-03-16 09:02:49.554000000,3578.0,3580.0,3557.0,3577.0,101,3578.0,887,126181,4502218740.0,1329744
2020-03-16 09:02:50.064000000,3577.0,3580.0,3557.0,3576.0,364,3577.0,293,126314,4506976060.0,1329798
2020-03-16 09:02:50.565000000,3577.0,3580.0,3557.0,3576.0,323,3577.0,299,126371,4509014710.0,1329759
2020-03-16 09:02:51.062000000,3577.0,3580.0,3557.0,3576.0,59,3577.0,130,126801,4524394410.0,1329646
2020-03-16 09:02:51.559000000,3578.0,3580.0,3557.0,3577.0,185,3578.0,680,127399,4545787810.0,1329404
2020-03-16 09:02:52.067000000,3579.0,3580.0,3557.0,3577.0,244,3579.0,297,128088,4570439700.0,1329022
2020-03-16 09:02:52.566000000,3578.0,3580.0,3557.0,3578.0,17,3579.0,253,128553,4587074560.0,1329077
2020-03-16 09:02:53.067000000,3578.0,3580.0,3557.0,3576.0,174,3578.0,19,128773,4594945960.0,1329118
2020-03-16 09:02:53.567000000,3577.0,3580.0,3557.0,3577.0,37,3578.0,146,128942,4600992250.0,1329118
2020-03-16 09:02:54.067000000,3578.0,3580.0,3557.0,3577.0,83,3578.0,140,129063,4605321190.0,1329147
2020-03-16 09:02:54.566000000,3577.0,3580.0,3557.0,3577.0,87,3578.0,12,129209,4610544870.0,1329182
2020-03-16 09:02:55.064000000,3577.0,3580.0,3557.0,3576.0,294,3577.0,2,129602,4624604050.0,1329428
2020-03-16 09:02:55.562000000,3578.0,3580.0,3557.0,3577.0,136,3578.0,34,129627,4625498440.0,1329430
2020-03-16 09:02:56.058000000,3578.0,3580.0,3557.0,3577.0,237,3578.0,18,129779,4630936270.0,1329469
2020-03-16 09:02:56.564000000,3577.0,3580.0,3557.0,3577.0,213,3579.0,699,129965,4637590960.0,1329485
2020-03-16 09:02:57.064000000,3577.0,3580.0,3557.0,3577.0,137,3578.0,31,130149,4644173510.0,1329620
2020-03-16 09:02:57.568000000,3578.0,3580.0,3557.0,3578.0,35,3579.0,61,131174,4680851120.0,1329595
2020-03-16 09:02:58.066000000,3579.0,3580.0,3557.0,3578.0,4,3579.0,122,131530,4693590010.0,1329563
2020-03-16 09:02:58.564000000,3578.0,3580.0,3557.0,3578.0,3,3579.0,177,131646,4697741340.0,1329572
2020-03-16 09:02:59.066000000,3578.0,3580.0,3557.0,3578.0,24,3579.0,149,131696,4699530730.0,1329581
2020-03-16 09:02:59.565000000,3578.0,3580.0,3557.0,3578.0,58,3579.0,17,131862,4705471510.0,1329596
2020-03-16 09:03:00.066000000,3578.0,3580.0,3557.0,3578.0,137,3579.0,5,132038,4711769640.0,1329630
2020-03-16 09:03:00.563000000,3579.0,3580.0,3557.0,3579.0,502,3580.0,2935,132236,4718855020.0,1329709
2020-03-16 09:03:01.067000000,3579.0,3580.0,3557.0,3579.0,472,3580.0,2865,132421,4725477460.0,1329763
2020-03-16 09:03:01.565000000,3579.0,3580.0,3557.0,3579.0,459,3580.0,2423,132972,4745202960.0,1329662
2020-03-16 09:03:02.062000000,3579.0,3580.0,3557.0,3579.0,540,3580.0,1400,134049,4783759300.0,1329256
2020-03-16 09:03:02.566000000,3579.0,3580.0,3557.0,3579.0,600,3580.0,377,135249,4826719050.0,1328890
2020-03-16 09:03:03.053000000,3580.0,3581.0,3557.0,3580.0,965,3581.0,365,135666,4841647770.0,1328721
2020-03-16 09:03:03.560000000,3581.0,3582.0,3557.0,3581.0,131,3582.0,4,136691,4878357490.0,1328853
2020-03-16 09:03:04.057000000,3583.0,3583.0,3557.0,3582.0,431,3583.0,327,137053,4891325110.0,1328943
2020-03-16 09:03:04.560000000,3582.0,3583.0,3557.0,3582.0,170,3583.0,297,137689,4914109220.0,1329096
2020-03-16 09:03:05.055000000,3582.0,3583.0,3557.0,3581.0,314,3582.0,569,137959,4923780390.0,1329118
2020-03-16 09:03:05.565000000,3581.0,3583.0,3557.0,3579.0,454,3581.0,138,139278,4971002350.0,1329248
2020-03-16 09:03:06.058000000,3580.0,3583.0,3557.0,3578.0,62,3580.0,202,140133,5001603400.0,1329188
2020-03-16 09:03:06.550000000,3579.0,3583.0,3557.0,3578.0,5,3579.0,140,140350,5009369120.0,1329257
2020-03-16 09:03:07.066000000,3578.0,3583.0,3557.0,3577.0,161,3578.0,220,140424,5012016780.0,1329221
2020-03-16 09:03:07.562000000,3579.0,3583.0,3557.0,3578.0,166,3579.0,153,140905,5029226270.0,1329116
2020-03-16 09:03:08.065000000,3578.0,3583.0,3557.0,3578.0,222,3579.0,132,140992,5032339830.0,1329156
2020-03-16 09:03:08.556000000,3579.0,3583.0,3557.0,3579.0,85,3580.0,439,141172,5038781870.0,1329061
2020-03-16 09:03:09.067000000,3580.0,3583.0,3557.0,3578.0,207,3579.0,1,141389,5046548580.0,1329225
2020-03-16 09:03:09.541000000,3578.0,3583.0,3557.0,3579.0,3,3580.0,403,141449,5048695960.0,1329229
2020-03-16 09:03:10.065000000,3579.0,3583.0,3557.0,3579.0,112,3580.0,408,141753,5059576370.0,1329467
2020-03-16 09:03:10.565000000,3579.0,3583.0,3557.0,3578.0,238,3579.0,25,141891,5064515230.0,1329371
2020-03-16 09:03:11.060000000,3579.0,3583.0,3557.0,3579.0,139,3580.0,246,141990,5068058490.0,1329357
2020-03-16 09:03:11.565000000,3580.0,3583.0,3557.0,3579.0,241,3580.0,1,142275,5078260850.0,1329334
2020-03-16 09:03:12.065000000,3580.0,3583.0,3557.0,3580.0,83,3581.0,251,142345,5080766850.0,1329357
2020-03-16 09:03:12.567000000,3579.0,3583.0,3557.0,3579.0,313,3580.0,19,142451,5084561530.0,1329403
2020-03-16 09:03:13.064000000,3580.0,3583.0,3557.0,3579.0,267,3580.0,3,142540,5087747290.0,1329443
2020-03-16 09:03:13.565000000,3579.0,3583.0,3557.0,3579.0,248,3580.0,1,142691,5093152900.0,1329368
2020-03-16 09:03:14.062000000,3579.0,3583.0,3557.0,3579.0,237,3580.0,186,142776,5096195720.0,1329340
2020-03-16 09:03:14.565000000,3580.0,3583.0,3557.0,3579.0,217,3580.0,17,143101,5107830370.0,1329411
2020-03-16 09:03:15.062000000,3580.0,3583.0,3557.0,3579.0,225,3580.0,31,143218,5112018090.0,1329383
2020-03-16 09:03:15.559000000,3580.0,3583.0,3557.0,3579.0,241,3580.0,32,143363,5117208930.0,1329393
2020-03-16 09:03:16.055000000,3579.0,3583.0,3557.0,3579.0,128,3580.0,118,143531,5123222110.0,1329421
2020-03-16 09:03:16.568000000,3579.0,3583.0,3557.0,3579.0,100,3580.0,127,143663,5127947380.0,1329476
2020-03-16 09:03:17.063000000,3581.0,3583.0,3557.0,3580.0,189,3581.0,315,143927,5137397790.0,1329464
2020-03-16 09:03:17.568000000,3580.0,3583.0,3557.0,3578.0,251,3580.0,74,144393,5154079100.0,1329367
2020-03-16 09:03:18.052000000,3579.0,3583.0,3557.0,3578.0,282,3579.0,29,144509,5158230580.0,1329333
2020-03-16 09:03:18.566000000,3579.0,3583.0,3557.0,3578.0,206,3579.0,1,144708,5165351900.0,1329239
2020-03-16 09:03:19.064000000,3579.0,3583.0,3557.0,3578.0,268,3579.0,21,144781,5167964800.0,1329226
2020-03-16 09:03:19.565000000,3578.0,3583.0,3557.0,3579.0,8,3580.0,261,144918,5172867450.0,1329224
2020-03-16 09:03:20.061000000,3579.0,3583.0,3557.0,3578.0,182,3579.0,1,145132,5180526780.0,1329160
2020-03-16 09:03:20.555000000,3579.0,3583.0,3557.0,3579.0,127,3580.0,396,145356,5188543680.0,1329066
2020-03-16 09:03:21.060000000,3579.0,3583.0,3557.0,3579.0,12,3580.0,411,145495,5193518530.0,1329030
2020-03-16 09:03:21.556000000,3578.0,3583.0,3557.0,3578.0,190,3579.0,80,145563,5195951990.0,1329059
2020-03-16 09:03:22.067000000,3580.0,3583.0,3557.0,3580.0,9,3581.0,341,146181,5218075660.0,1328819
2020-03-16 09:03:22.567000000,3580.0,3583.0,3557.0,3579.0,24,3580.0,32,146282,5221691080.0,1328857
2020-03-16 09:03:23.066000000,3579.0,3583.0,3557.0,3579.0,257,3580.0,7,146473,5228528540.0,1328792
2020-03-16 09:03:23.566000000,3580.0,3583.0,3557.0,3579.0,371,3581.0,360,146521,5230246900.0,1328792
2020-03-16 09:03:24.053000000,3580.0,3583.0,3557.0,3579.0,423,3581.0,358,146566,5231857880.0,1328797
2020-03-16 09:03:24.555000000,3580.0,3583.0,3557.0,3580.0,31,3582.0,717,147012,5247828320.0,1328812
2020-03-16 09:03:25.067000000,3581.0,3583.0,3557.0,3581.0,31,3582.0,2,147601,5268925320.0,1328633
2020-03-16 09:03:25.568000000,3582.0,3583.0,3557.0,3582.0,81,3583.0,338,147708,5272758150.0,1328657
2020-03-16 09:03:26.043000000,3582.0,3583.0,3557.0,3582.0,11,3583.0,321,147834,5277271710.0,1328666
2020-03-16 09:03:26.550000000,3582.0,3583.0,3557.0,3582.0,99,3583.0,119,148110,5287159570.0,1328795
2020-03-16 09:03:27.067000000,3583.0,3583.0,3557.0,3583.0,189,3584.0,520,148376,5296689130.0,1328796
2020-03-16 09:03:27.563000000,3583.0,3584.0,3557.0,3583.0,512,3584.0,452,148934,5316683190.0,1328823
2020-03-16 09:03:28.065000000,3583.0,3584.0,3557.0,3583.0,361,3584.0,317,149243,5327755900.0,1328828
2020-03-16 09:03:28.562000000,3583.0,3584.0,3557.0,3581.0,66,3583.0,27,150008,5355160690.0,1328500
2020-03-16 09:03:29.067000000,3583.0,3584.0,3557.0,3582.0,1,3583.0,184,150174,5361107750.0,1328511
2020-03-16 09:03:29.553000000,3582.0,3584.0,3557.0,3582.0,6,3583.0,329,150228,5363042270.0,1328504
2020-03-16 09:03:30.067000000,3581.0,3584.0,3557.0,3581.0,98,3582.0,8,150285,5365084040.0,1328523
2020-03-16 09:03:30.568000000,3581.0,3584.0,3557.0,3581.0,157,3582.0,5,150471,5371746700.0,1328572
2020-03-16 09:03:31.052000000,3582.0,3584.0,3557.0,3581.0,97,3582.0,30,150582,5375722320.0,1328515
2020-03-16 09:03:31.557000000,3582.0,3584.0,3557.0,3581.0,48,3582.0,169,150625,5377262420.0,1328533
2020-03-16 09:03:32.053000000,3581.0,3584.0,3557.0,3580.0,323,3581.0,1,150781,5382849970.0,1328563
2020-03-16 09:03:32.556000000,3582.0,3584.0,3557.0,3581.0,33,3582.0,200,150809,5383852790.0,1328561
2020-03-16 09:03:33.065000000,3582.0,3584.0,3557.0,3581.0,28,3582.0,128,150952,5388974260.0,1328605
2020-03-16 09:03:33.564000000,3581.0,3584.0,3557.0,3581.0,232,3582.0,123,151005,5390872400.0,1328630
2020-03-16 09:03:34.049000000,3582.0,3584.0,3557.0,3582.0,6,3583.0,439,151235,5399110390.0,1328498
2020-03-16 09:03:34.567000000,3581.0,3584.0,3557.0,3581.0,196,3582.0,9,151329,5402477410.0,1328505
2020-03-16 09:03:35.067000000,3582.0,3584.0,3557.0,3582.0,272,3583.0,444,151392,5404734070.0,1328492
2020-03-16 09:03:35.557000000,3582.0,3584.0,3557.0,3581.0,132,3582.0,213,151783,5418738630.0,1328527
2020-03-16 09:03:36.063000000,3583.0,3584.0,3557.0,3582.0,7,3583.0,362,152319,5437937110.0,1328297
2020-03-16 09:03:36.564000000,3581.0,3584.0,3557.0,3580.0,428,3581.0,6,152457,5442880010.0,1328260
2020-03-16 09:03:37.065000000,3582.0,3584.0,3557.0,3581.0,22,3582.0,182,152532,5445566180.0,1328284
2020-03-16 09:03:37.566000000,3582.0,3584.0,3557.0,3580.0,418,3582.0,32,152878,5457958180.0,1328166
2020-03-16 09:03:38.059000000,3580.0,3584.0,3557.0,3580.0,418,3581.0,1,152927,5459712790.0,1328175
2020-03-16 09:03:38.553000000,3582.0,3584.0,3557.0,3581.0,76,3582.0,113,153394,5476436190.0,1328632
2020-03-16 09:03:39.065000000,3581.0,3584.0,3557.0,3581.0,135,3582.0,155,153455,5478620790.0,1328653
2020-03-16 09:03:39.566000000,3581.0,3584.0,3557.0,3581.0,89,3582.0,160,153525,5481127650.0,1328666
2020-03-16 09:03:40.066000000,3582.0,3584.0,3557.0,3580.0,362,3581.0,1,153766,5489757920.0,1328703
2020-03-16 09:03:40.568000000,3581.0,3584.0,3557.0,3580.0,295,3581.0,189,153869,5493445730.0,1328769
2020-03-16 09:03:41.066000000,3580.0,3584.0,3557.0,3579.0,342,3580.0,11,154110,5502073540.0,1328838
2020-03-16 09:03:41.562000000,3580.0,3584.0,3557.0,3579.0,254,3580.0,84,154158,5503791880.0,1328864
2020-03-16 09:03:42.065000000,3580.0,3584.0,3557.0,3578.0,206,3580.0,188,154345,5510484760.0,1328895
2020-03-16 09:03:42.561000000,3578.0,3584.0,3557.0,3578.0,142,3580.0,182,154380,5511737520.0,1328890
2020-03-16 09:03:43.048000000,3579.0,3584.0,3557.0,3578.0,135,3579.0,73,154483,5515423880.0,1328891
2020-03-16 09:03:43.553000000,3579.0,3584.0,3557.0,3579.0,2,3580.0,349,154775,5525872750.0,1328919
2020-03-16 09:03:44.058000000,3579.0,3584.0,3557.0,3578.0,64,3579.0,21,154892,5530060040.0,1328870
2020-03-16 09:03:44.562000000,3579.0,3584.0,3557.0,3578.0,168,3579.0,21,154907,5530596850.0,1328880
2020-03-16 09:03:45.062000000,3579.0,3584.0,3557.0,3578.0,149,3579.0,10,154950,5532135570.0,1328903
2020-03-16 09:03:45.566000000,3578.0,3584.0,3557.0,3578.0,133,3579.0,20,155000,5533924810.0,1328933
2020-03-16 09:03:46.068000000,3578.0,3584.0,3557.0,3578.0,125,3579.0,118,155208,5541368710.0,1328857
2020-03-16 09:03:46.561000000,3578.0,3584.0,3557.0,3578.0,117,3579.0,107,155267,5543480060.0,1328854
2020-03-16 09:03:47.065000000,3579.0,3584.0,3557.0,3578.0,125,3579.0,100,155343,5546199850.0,1328846
2020-03-16 09:03:47.565000000,3579.0,3584.0,3557.0,3578.0,139,3579.0,83,155382,5547595610.0,1328854
2020-03-16 09:03:48.052000000,3579.0,3584.0,3557.0,3579.0,174,3580.0,296,155717,5559586460.0,1328790
2020-03-16 09:03:48.564000000,3580.0,3584.0,3557.0,3580.0,4,3581.0,246,156228,5577878340.0,1328590
2020-03-16 09:03:49.068000000,3580.0,3584.0,3557.0,3579.0,55,3580.0,7,156298,5580383710.0,1328573
2020-03-16 09:03:49.568000000,3579.0,3584.0,3557.0,3579.0,176,3580.0,22,156313,5580920590.0,1328582
2020-03-16 09:03:50.061000000,3580.0,3584.0,3557.0,3579.0,172,3580.0,19,156330,5581529090.0,1328582
2020-03-16 09:03:50.566000000,3579.0,3584.0,3557.0,3579.0,166,3580.0,23,156349,5582209130.0,1328594
2020-03-16 09:03:51.068000000,3580.0,3584.0,3557.0,3579.0,121,3580.0,183,156430,5585108400.0,1328591
2020-03-16 09:03:51.568000000,3578.0,3584.0,3557.0,3578.0,9,3579.0,79,156872,5600926190.0,1328807
2020-03-16 09:03:52.066000000,3579.0,3584.0,3557.0,3578.0,220,3579.0,285,156970,5604433480.0,1328764
2020-03-16 09:03:52.558000000,3579.0,3584.0,3557.0,3578.0,8,3579.0,274,157293,5615990180.0,1328905
2020-03-16 09:03:53.065000000,3578.0,3584.0,3557.0,3577.0,741,3578.0,28,157322,5617027780.0,1328893
2020-03-16 09:03:53.559000000,3578.0,3584.0,3557.0,3577.0,806,3578.0,51,157412,5620247730.0,1328882
2020-03-16 09:03:54.063000000,3578.0,3584.0,3557.0,3577.0,812,3578.0,27,157507,5623646840.0,1328875
2020-03-16 09:03:54.568000000,3577.0,3584.0,3557.0,3577.0,501,3578.0,8,157926,5638635610.0,1328787
2020-03-16 09:03:55.067000000,3577.0,3584.0,3557.0,3577.0,452,3578.0,163,157999,5641247290.0,1328770
2020-03-16 09:03:55.563000000,3577.0,3584.0,3557.0,3577.0,278,3578.0,15,158439,5656988670.0,1328792
2020-03-16 09:03:56.063000000,3578.0,3584.0,3557.0,3576.0,694,3578.0,69,158776,5669043310.0,1328659
2020-03-16 09:03:56.561000000,3577.0,3584.0,3557.0,3577.0,11,3578.0,325,158821,5670653130.0,1328688
2020-03-16 09:03:57.057000000,3576.0,3584.0,3557.0,3576.0,671,3577.0,180,158976,5676197150.0,1328686
2020-03-16 09:03:57.568000000,3576.0,3584.0,3557.0,3576.0,610,3577.0,417,159061,5679237100.0,1328717
2020-03-16 09:03:58.056000000,3576.0,3584.0,3557.0,3576.0,367,3577.0,516,159311,5688177230.0,1328734
2020-03-16 09:03:58.561000000,3575.0,3584.0,3557.0,3575.0,341,3576.0,225,159696,5701944790.0,1329036
2020-03-16 09:03:59.067000000,3575.0,3584.0,3557.0,3574.0,340,3575.0,52,160065,5715136180.0,1328969
2020-03-16 09:03:59.566000000,3575.0,3584.0,3557.0,3574.0,280,3575.0,162,160112,5716816190.0,1328942
2020-03-16 09:04:00.056000000,3575.0,3584.0,3557.0,3574.0,40,3575.0,149,160381,5726430450.0,1328956
2020-03-16 09:04:00.565000000,3574.0,3584.0,3557.0,3573.0,239,3574.0,179,160520,5731398560.0,1328882
2020-03-16 09:04:01.065000000,3574.0,3584.0,3557.0,3573.0,184,3574.0,647,160592,5733971380.0,1328870
2020-03-16 09:04:01.567000000,3573.0,3584.0,3557.0,3572.0,335,3573.0,16,160766,5740188380.0,1328825
2020-03-16 09:04:02.064000000,3572.0,3584.0,3557.0,3572.0,268,3573.0,72,160924,5745832730.0,1328851
2020-03-16 09:04:02.558000000,3573.0,3584.0,3557.0,3572.0,29,3573.0,303,161230,5756763480.0,1328771
2020-03-16 09:04:03.061000000,3572.0,3584.0,3557.0,3571.0,952,3572.0,329,161299,5759228200.0,1328767
2020-03-16 09:04:03.564000000,3571.0,3584.0,3557.0,3571.0,728,3572.0,349,161582,5769334490.0,1328646
2020-03-16 09:04:04.058000000,3572.0,3584.0,3557.0,3570.0,483,3571.0,25,162358,5797045990.0,1328907
2020-03-16 09:04:04.560000000,3571.0,3584.0,3557.0,3570.0,412,3571.0,339,162493,5801866240.0,1328895
2020-03-16 09:04:05.045000000,3570.0,3584.0,3557.0,3569.0,159,3570.0,258,162973,5819002430.0,1329179
2020-03-16 09:04:05.560000000,3569.0,3584.0,3557.0,3568.0,282,3569.0,69,163247,5828781330.0,1329343
2020-03-16 09:04:06.065000000,3570.0,3584.0,3557.0,3569.0,136,3570.0,767,163568,5840237640.0,1329336
2020-03-16 09:04:06.568000000,3569.0,3584.0,3557.0,3569.0,2,3570.0,719,163769,5847411840.0,1329282
2020-03-16 09:04:07.068000000,3569.0,3584.0,3557.0,3568.0,386,3569.0,223,163967,5854478320.0,1329253
2020-03-16 09:04:07.564000000,3568.0,3584.0,3557.0,3568.0,290,3569.0,691,164067,5858046830.0,1329263
2020-03-16 09:04:08.063000000,3568.0,3584.0,3557.0,3567.0,55,3568.0,11,164568,5875922920.0,1329274
2020-03-16 09:04:08.561000000,3568.0,3584.0,3557.0,3567.0,117,3568.0,193,164645,5878669980.0,1329277
2020-03-16 09:04:09.068000000,3567.0,3584.0,3557.0,3567.0,33,3568.0,160,164732,5881774050.0,1329258
2020-03-16 09:04:09.563000000,3567.0,3584.0,3557.0,3566.0,133,3567.0,52,164983,5890727410.0,1329251
2020-03-16 09:04:10.061000000,3566.0,3584.0,3557.0,3566.0,126,3567.0,587,165213,5898929960.0,1329217
2020-03-16 09:04:10.562000000,3566.0,3584.0,3557.0,3565.0,1100,3566.0,25,165417,5906204510.0,1329251
2020-03-16 09:04:11.066000000,3565.0,3584.0,3557.0,3565.0,1024,3566.0,175,165587,5912265650.0,1329235
2020-03-16 09:04:11.564000000,3566.0,3584.0,3557.0,3565.0,567,3566.0,260,166130,5931624000.0,1329098
2020-03-16 09:04:12.065000000,3566.0,3584.0,3557.0,3565.0,227,3566.0,237,166580,5947667100.0,1329328
2020-03-16 09:04:12.565000000,3565.0,3584.0,3557.0,3564.0,187,3565.0,91,166894,5958862000.0,1329424
2020-03-16 09:04:13.067000000,3565.0,3584.0,3557.0,3565.0,18,3566.0,26,167623,5984854440.0,1329426
2020-03-16 09:04:13.566000000,3565.0,3584.0,3557.0,3565.0,772,3566.0,3,167841,5992627400.0,1329366
2020-03-16 09:04:14.050000000,3566.0,3584.0,3557.0,3567.0,1,3568.0,171,168502,6016204630.0,1328892
2020-03-16 09:04:14.564000000,3568.0,3584.0,3557.0,3568.0,88,3569.0,483,168916,6030978130.0,1329108
2020-03-16 09:04:15.068000000,3570.0,3584.0,3557.0,3569.0,10,3570.0,516,169765,6061277830.0,1328854
2020-03-16 09:04:15.553000000,3571.0,3584.0,3557.0,3571.0,3,3572.0,381,170425,6084840860.0,1328738
2020-03-16 09:04:16.052000000,3571.0,3584.0,3557.0,3571.0,394,3572.0,165,170661,6093270280.0,1328743
2020-03-16 09:04:16.555000000,3572.0,3584.0,3557.0,3572.0,125,3573.0,119,170871,6100771570.0,1328641
2020-03-16 09:04:17.068000000,3572.0,3584.0,3557.0,3572.0,29,3573.0,30,171134,6110166510.0,1328514
2020-03-16 09:04:17.563000000,3571.0,3584.0,3557.0,3571.0,362,3572.0,2,171467,6122061080.0,1328507
2020-03-16 09:04:18.066000000,3572.0,3584.0,3557.0,3572.0,17,3573.0,140,171616,6127382480.0,1328539
2020-03-16 09:04:18.562000000,3572.0,3584.0,3557.0,3571.0,289,3572.0,259,171746,6132026020.0,1328493
2020-03-16 09:04:19.057000000,3571.0,3584.0,3557.0,3570.0,129,3571.0,9,172026,6142024800.0,1328678
2020-03-16 09:04:19.563000000,3572.0,3584.0,3557.0,3570.0,146,3572.0,241,172244,6149810190.0,1328507
2020-03-16 09:04:20.062000000,3571.0,3584.0,3557.0,3570.0,135,3571.0,6,172284,6151238340.0,1328503
2020-03-16 09:04:20.564000000,3571.0,3584.0,3557.0,3570.0,156,3571.0,68,172344,6153380890.0,1328503
2020-03-16 09:04:21.063000000,3570.0,3584.0,3557.0,3569.0,196,3570.0,467,172484,6158378890.0,1328432
2020-03-16 09:04:21.553000000,3570.0,3584.0,3557.0,3569.0,100,3570.0,527,172514,6159449670.0,1328429
2020-03-16 09:04:22.064000000,3569.0,3584.0,3557.0,3568.0,198,3569.0,102,172702,6166159320.0,1328519
2020-03-16 09:04:22.564000000,3570.0,3584.0,3557.0,3568.0,164,3570.0,412,173005,6176974790.0,1328349
2020-03-16 09:04:23.065000000,3569.0,3584.0,3557.0,3569.0,4,3570.0,98,173426,6192004190.0,1328363
2020-03-16 09:04:23.555000000,3569.0,3584.0,3557.0,3569.0,78,3570.0,90,173536,6195930180.0,1328341
2020-03-16 09:04:24.065000000,3570.0,3584.0,3557.0,3569.0,88,3570.0,80,173579,6197464910.0,1328356
2020-03-16 09:04:24.568000000,3570.0,3584.0,3557.0,3570.0,77,3571.0,72,173761,6203963170.0,1328423
2020-03-16 09:04:25.062000000,3569.0,3584.0,3557.0,3568.0,362,3569.0,28,174346,6224845030.0,1328169
2020-03-16 09:04:25.568000000,3570.0,3584.0,3557.0,3569.0,8,3570.0,166,174469,6229234660.0,1328157
2020-03-16 09:04:26.068000000,3570.0,3584.0,3557.0,3569.0,2,3570.0,183,174557,6232375920.0,1328079
2020-03-16 09:04:26.550000000,3569.0,3584.0,3557.0,3568.0,317,3569.0,19,174613,6234374680.0,1328073
2020-03-16 09:04:27.067000000,3568.0,3584.0,3557.0,3568.0,288,3569.0,98,174672,6236480200.0,1328090
2020-03-16 09:04:27.563000000,3569.0,3584.0,3557.0,3568.0,292,3569.0,139,174693,6237229670.0,1328103
2020-03-16 09:04:28.051000000,3569.0,3584.0,3557.0,3568.0,298,3569.0,120,174725,6238371720.0,1328111
2020-03-16 09:04:28.568000000,3568.0,3584.0,3557.0,3567.0,290,3568.0,156,175080,6251038150.0,1327846
2020-03-16 09:04:29.064000000,3569.0,3584.0,3557.0,3569.0,293,3570.0,260,175459,6264562960.0,1327835
2020-03-16 09:04:29.551000000,3570.0,3584.0,3557.0,3569.0,21,3570.0,256,175813,6277197380.0,1328112
2020-03-16 09:04:30.044000000,3569.0,3584.0,3557.0,3568.0,205,3569.0,235,175916,6280873390.0,1328113
2020-03-16 09:04:30.522000000,3568.0,3584.0,3557.0,3568.0,109,3569.0,378,176035,6285119320.0,1328205
2020-03-16 09:04:31.066000000,3568.0,3584.0,3557.0,3567.0,205,3568.0,34,176212,6291435200.0,1328199
2020-03-16 09:04:31.566000000,3568.0,3584.0,3557.0,3567.0,183,3568.0,30,176304,6294717710.0,1328199
2020-03-16 09:04:32.068000000,3568.0,3584.0,3557.0,3567.0,183,3568.0,121,176307,6294824750.0,1328201
2020-03-16 09:04:32.565000000,3567.0,3584.0,3557.0,3567.0,254,3568.0,126,176360,6296715620.0,1328190
2020-03-16 09:04:33.050000000,3568.0,3584.0,3557.0,3567.0,229,3568.0,137,176404,6298285220.0,1328183
2020-03-16 09:04:33.566000000,3567.0,3584.0,3557.0,3566.0,770,3567.0,414,176648,6306988800.0,1328157
2020-03-16 09:04:34.067000000,3567.0,3584.0,3557.0,3565.0,745,3567.0,147,177422,6334592850.0,1328134
2020-03-16 09:04:34.568000000,3567.0,3584.0,3557.0,3565.0,640,3566.0,54,177448,6335520170.0,1328141
2020-03-16 09:04:35.062000000,3566.0,3584.0,3557.0,3566.0,2,3567.0,174,178117,6359373270.0,1328044
2020-03-16 09:04:35.544001000,3566.0,3584.0,3557.0,3565.0,156,3566.0,135,178220,6363045980.0,1328048
2020-03-16 09:04:36.064000000,3565.0,3584.0,3557.0,3564.0,359,3565.0,206,178442,6370960480.0,1327936
2020-03-16 09:04:36.568000000,3567.0,3584.0,3557.0,3566.0,2,3567.0,110,178958,6389359180.0,1327796
2020-03-16 09:04:37.068000000,3566.0,3584.0,3557.0,3566.0,12,3567.0,12,179248,6399702330.0,1327664
2020-03-16 09:04:37.565000000,3566.0,3584.0,3557.0,3566.0,141,3567.0,39,179349,6403304400.0,1327608
2020-03-16 09:04:38.048000000,3566.0,3584.0,3557.0,3566.0,83,3567.0,18,179850,6421170370.0,1327518
2020-03-16 09:04:38.565000000,3566.0,3584.0,3557.0,3566.0,108,3567.0,136,179898,6422882320.0,1327526
2020-03-16 09:04:39.061000000,3566.0,3584.0,3557.0,3564.0,279,3566.0,296,180312,6437644340.0,1327466
2020-03-16 09:04:39.555000000,3566.0,3584.0,3557.0,3564.0,325,3566.0,400,180399,6440745440.0,1327416
2020-03-16 09:04:40.066000000,3564.0,3584.0,3557.0,3563.0,204,3564.0,188,180741,6452934620.0,1327314
2020-03-16 09:04:40.568000000,3564.0,3584.0,3557.0,3564.0,88,3565.0,18,181439,6477819310.0,1327458
2020-03-16 09:04:41.062000000,3565.0,3584.0,3557.0,3565.0,159,3566.0,1,181794,6490475970.0,1327233
2020-03-16 09:04:41.562000000,3565.0,3584.0,3557.0,3565.0,184,3566.0,52,182197,6504846270.0,1327121
2020-03-16 09:04:42.066000000,3566.0,3584.0,3557.0,3566.0,46,3567.0,50,182699,6522747040.0,1327002
2020-03-16 09:04:42.563000000,3564.0,3584.0,3557.0,3565.0,1,3566.0,546,182952,6531765850.0,1326994
2020-03-16 09:04:43.066000000,3565.0,3584.0,3557.0,3564.0,210,3565.0,39,183304,6544314580.0,1327079
2020-03-16 09:04:43.565000000,3565.0,3584.0,3557.0,3564.0,164,3565.0,145,183346,6545811680.0,1327063
2020-03-16 09:04:44.058000000,3564.0,3584.0,3557.0,3564.0,93,3565.0,368,183646,6556506360.0,1327181
2020-03-16 09:04:44.564000000,3565.0,3584.0,3557.0,3563.0,303,3564.0,7,184238,6577607770.0,1326739
2020-03-16 09:04:45.065000000,3564.0,3584.0,3557.0,3564.0,183,3565.0,451,184285,6579283060.0,1326729
2020-03-16 09:04:45.563000000,3565.0,3584.0,3557.0,3564.0,1,3565.0,500,184571,6589475840.0,1326556
2020-03-16 09:04:46.061000000,3564.0,3584.0,3557.0,3563.0,317,3564.0,36,184697,6593966530.0,1326664
2020-03-16 09:04:46.561000000,3564.0,3584.0,3557.0,3563.0,241,3564.0,311,184978,6603979290.0,1326604
2020-03-16 09:04:47.059000000,3564.0,3584.0,3557.0,3563.0,227,3564.0,334,185044,6606331350.0,1326590
2020-03-16 09:04:47.564000000,3564.0,3584.0,3557.0,3563.0,199,3564.0,270,185125,6609217860.0,1326572
2020-03-16 09:04:48.064000000,3563.0,3584.0,3557.0,3563.0,253,3564.0,262,185362,6617662230.0,1326396
2020-03-16 09:04:48.568000000,3562.0,3584.0,3557.0,3562.0,587,3563.0,7,185985,6639862410.0,1326256
2020-03-16 09:04:49.066000000,3563.0,3584.0,3557.0,3563.0,21,3564.0,23,186431,6655751470.0,1326028
2020-03-16 09:04:49.568000000,3564.0,3584.0,3557.0,3563.0,75,3564.0,205,186522,6658994440.0,1326030
2020-03-16 09:04:50.066000000,3564.0,3584.0,3557.0,3564.0,35,3565.0,1151,187142,6681087750.0,1326114
2020-03-16 09:04:50.553000000,3563.0,3584.0,3557.0,3562.0,413,3563.0,83,187296,6686575680.0,1326081
2020-03-16 09:04:51.067000000,3562.0,3584.0,3557.0,3562.0,221,3563.0,289,187641,6698865690.0,1326139
2020-03-16 09:04:51.557000000,3562.0,3584.0,3557.0,3561.0,513,3562.0,290,187929,6709124970.0,1326192
2020-03-16 09:04:52.061000000,3562.0,3584.0,3557.0,3561.0,124,3562.0,243,188429,6726930850.0,1326034
2020-03-16 09:04:52.566000000,3562.0,3584.0,3557.0,3560.0,1002,3561.0,200,188569,6731916670.0,1326009
2020-03-16 09:04:53.064000000,3561.0,3584.0,3557.0,3560.0,664,3561.0,66,189227,6755344630.0,1325973
2020-03-16 09:04:53.562000000,3560.0,3584.0,3557.0,3560.0,236,3561.0,236,189691,6771863390.0,1325793
2020-03-16 09:04:54.068000000,3560.0,3584.0,3557.0,3559.0,14,3560.0,123,190098,6786351350.0,1325818
2020-03-16 09:04:54.567000000,3559.0,3584.0,3557.0,3558.0,273,3559.0,201,190234,6791191590.0,1325728
2020-03-16 09:04:55.065000000,3558.0,3584.0,3557.0,3557.0,846,3558.0,141,190809,6811653100.0,1325358
2020-03-16 09:04:55.568000000,3558.0,3584.0,3557.0,3558.0,115,3559.0,354,191144,6823572550.0,1325310
2020-03-16 09:04:56.060000000,3558.0,3584.0,3557.0,3557.0,848,3558.0,152,191414,6833180040.0,1325192
2020-03-16 09:04:56.568000000,3557.0,3584.0,3557.0,3557.0,809,3559.0,303,191718,6843995990.0,1325200
2020-03-16 09:04:57.060000000,3558.0,3584.0,3557.0,3557.0,259,3558.0,19,192391,6867935730.0,1325124
2020-03-16 09:04:57.554000000,3558.0,3584.0,3557.0,3558.0,116,3559.0,594,192979,6888856590.0,1324946
2020-03-16 09:04:58.066000000,3557.0,3584.0,3557.0,3557.0,169,3558.0,89,193228,6897715320.0,1324934
2020-03-16 09:04:58.549000000,3558.0,3584.0,3557.0,3557.0,57,3558.0,280,193497,6907285130.0,1324910
2020-03-16 09:04:59.066000000,3558.0,3584.0,3557.0,3557.0,17,3558.0,290,193624,6911803280.0,1324824
2020-03-16 09:04:59.563000000,3557.0,3584.0,3556.0,3556.0,1887,3557.0,295,193756,6916498660.0,1324763
2020-03-16 09:05:00.062000000,3557.0,3584.0,3556.0,3556.0,1786,3557.0,63,194589,6946126410.0,1324807
2020-03-16 09:05:00.555000000,3558.0,3584.0,3556.0,3556.0,1361,3558.0,320,195246,6969492370.0,1324607
2020-03-16 09:05:01.057000000,3557.0,3584.0,3556.0,3557.0,13,3558.0,261,195548,6980234610.0,1324507
2020-03-16 09:05:01.564000000,3558.0,3584.0,3556.0,3557.0,42,3558.0,96,195912,6993183660.0,1324543
2020-03-16 09:05:02.068000000,3558.0,3584.0,3556.0,3557.0,199,3558.0,71,196031,6997417570.0,1324523
2020-03-16 09:05:02.568000000,3558.0,3584.0,3556.0,3558.0,65,3559.0,642,196479,7013356400.0,1324383
2020-03-16 09:05:03.069000000,3558.0,3584.0,3556.0,3557.0,499,3558.0,22,196620,7018373210.0,1324338
2020-03-16 09:05:03.568000000,3559.0,3584.0,3556.0,3558.0,134,3559.0,685,196823,7025595970.0,1324285
2020-03-16 09:05:04.067000000,3559.0,3584.0,3556.0,3559.0,4,3560.0,340,197576,7052395150.0,1323651
2020-03-16 09:05:04.566000000,3560.0,3584.0,3556.0,3560.0,18,3561.0,183,197954,7065851530.0,1323639
2020-03-16 09:05:05.057000000,3560.0,3584.0,3556.0,3560.0,117,3561.0,120,198119,7071726010.0,1323653
2020-03-16 09:05:05.567000000,3561.0,3584.0,3556.0,3560.0,119,3561.0,132,198158,7073114500.0,1323664
2020-03-16 09:05:06.068000000,3561.0,3584.0,3556.0,3559.0,902,3561.0,42,198551,7087106840.0,1323474
2020-03-16 09:05:06.568000000,3562.0,3584.0,3556.0,3561.0,118,3562.0,281,198712,7092840270.0,1323414
2020-03-16 09:05:07.065000000,3561.0,3584.0,3556.0,3561.0,351,3562.0,222,198786,7095475480.0,1323362
2020-03-16 09:05:07.569000000,3562.0,3584.0,3556.0,3562.0,1,3563.0,537,199197,7110115190.0,1323450
2020-03-16 09:05:08.059000000,3562.0,3584.0,3556.0,3561.0,451,3562.0,13,199401,7117381690.0,1323469
2020-03-16 09:05:08.567000000,3563.0,3584.0,3556.0,3562.0,37,3563.0,500,199523,7121727590.0,1323419
2020-03-16 09:05:09.065000000,3563.0,3584.0,3556.0,3562.0,39,3563.0,1,200118,7142926720.0,1323013
2020-03-16 09:05:09.567000000,3563.0,3584.0,3556.0,3563.0,38,3564.0,205,200144,7143853100.0,1323015
2020-03-16 09:05:10.064000000,3563.0,3584.0,3556.0,3562.0,397,3563.0,104,200339,7150800790.0,1322879
2020-03-16 09:05:10.568000000,3563.0,3584.0,3556.0,3563.0,71,3564.0,262,200546,7158176220.0,1322782
2020-03-16 09:05:11.068000000,3563.0,3584.0,3556.0,3563.0,134,3564.0,236,200620,7160812970.0,1322815
2020-03-16 09:05:11.564000000,3563.0,3584.0,3556.0,3563.0,173,3564.0,190,200660,7162238300.0,1322826
2020-03-16 09:05:12.066000000,3563.0,3584.0,3556.0,3562.0,349,3563.0,7,200965,7173106270.0,1322776
2020-03-16 09:05:12.564000000,3563.0,3584.0,3556.0,3563.0,10,3564.0,84,201059,7176455840.0,1322769
2020-03-16 09:05:13.066000000,3564.0,3584.0,3556.0,3563.0,190,3564.0,174,201089,7177525000.0,1322766
2020-03-16 09:05:13.563000000,3564.0,3584.0,3556.0,3563.0,299,3564.0,119,201117,7178522800.0,1322766
2020-03-16 09:05:14.063000000,3564.0,3584.0,3556.0,3564.0,22,3565.0,233,201149,7179663280.0,1322768
2020-03-16 09:05:14.566000000,3564.0,3584.0,3556.0,3564.0,25,3565.0,277,201196,7181338370.0,1322755
2020-03-16 09:05:15.068000000,3563.0,3584.0,3556.0,3563.0,381,3565.0,287,201266,7183833140.0,1322782
2020-03-16 09:05:15.564000000,3562.0,3584.0,3556.0,3562.0,331,3563.0,1,201797,7202753520.0,1322490
2020-03-16 09:05:16.065000000,3563.0,3584.0,3556.0,3562.0,302,3563.0,170,201831,7203964780.0,1322498
2020-03-16 09:05:16.569000000,3563.0,3584.0,3556.0,3562.0,301,3563.0,184,201916,7206993230.0,1322538
2020-03-16 09:05:17.061000000,3562.0,3584.0,3556.0,3562.0,335,3563.0,151,201951,7208240250.0,1322536
2020-03-16 09:05:17.563000000,3563.0,3584.0,3556.0,3563.0,106,3564.0,189,202105,7213727240.0,1322518
2020-03-16 09:05:18.053000000,3563.0,3584.0,3556.0,3563.0,53,3564.0,181,202263,7219356800.0,1322489
2020-03-16 09:05:18.566000000,3563.0,3584.0,3556.0,3562.0,407,3563.0,25,202408,7224523200.0,1322535
2020-03-16 09:05:19.065000000,3562.0,3584.0,3556.0,3562.0,382,3563.0,12,202522,7228584910.0,1322559
2020-03-16 09:05:19.565000000,3563.0,3584.0,3556.0,3562.0,383,3563.0,58,202577,7230544380.0,1322546
2020-03-16 09:05:20.063000000,3563.0,3584.0,3556.0,3562.0,508,3563.0,121,202595,7231185660.0,1322556
2020-03-16 09:05:20.563000000,3563.0,3584.0,3556.0,3562.0,469,3563.0,149,202667,7233750460.0,1322574
2020-03-16 09:05:21.066000000,3563.0,3584.0,3556.0,3562.0,428,3563.0,104,202831,7239593090.0,1322582
2020-03-16 09:05:21.556000000,3563.0,3584.0,3556.0,3562.0,423,3563.0,97,202843,7240020570.0,1322579
2020-03-16 09:05:22.069000000,3563.0,3584.0,3556.0,3562.0,432,3563.0,71,202885,7241516910.0,1322585
2020-03-16 09:05:22.565000000,3562.0,3584.0,3556.0,3562.0,417,3563.0,32,202936,7243333750.0,1322595
2020-03-16 09:05:23.059000000,3563.0,3584.0,3556.0,3562.0,459,3563.0,163,202965,7244366960.0,1322596
2020-03-16 09:05:23.553000000,3563.0,3584.0,3556.0,3562.0,481,3563.0,246,202989,7245222060.0,1322590
2020-03-16 09:05:24.065000000,3562.0,3584.0,3556.0,3562.0,117,3563.0,5,203631,7268092740.0,1322542
2020-03-16 09:05:24.566000000,3562.0,3584.0,3556.0,3562.0,198,3563.0,256,203678,7269767230.0,1322527
2020-03-16 09:05:25.068000000,3563.0,3584.0,3556.0,3562.0,146,3563.0,275,203732,7271690770.0,1322501
2020-03-16 09:05:25.560000000,3563.0,3584.0,3556.0,3562.0,153,3563.0,298,203775,7273222710.0,1322480
2020-03-16 09:05:26.060000000,3563.0,3584.0,3556.0,3562.0,130,3563.0,286,203809,7274433890.0,1322474
2020-03-16 09:05:26.561000000,3563.0,3584.0,3556.0,3562.0,67,3563.0,286,203908,7277960440.0,1322477
2020-03-16 09:05:27.063000000,3563.0,3584.0,3556.0,3562.0,151,3563.0,288,203931,7278779810.0,1322479
2020-03-16 09:05:27.564000000,3563.0,3584.0,3556.0,3562.0,173,3563.0,286,203943,7279207310.0,1322479
2020-03-16 09:05:28.065000000,3562.0,3584.0,3556.0,3562.0,196,3563.0,256,203981,7280561040.0,1322489
2020-03-16 09:05:28.566000000,3563.0,3584.0,3556.0,3563.0,87,3564.0,206,204229,7289397280.0,1322294
2020-03-16 09:05:29.056000000,3563.0,3584.0,3556.0,3563.0,178,3564.0,193,204252,7290216790.0,1322312
2020-03-16 09:05:29.563000000,3563.0,3584.0,3556.0,3563.0,285,3565.0,348,204421,7296239750.0,1322414
2020-03-16 09:05:30.060000000,3564.0,3584.0,3556.0,3564.0,22,3565.0,291,204452,7297344890.0,1322383
2020-03-16 09:05:30.559000000,3564.0,3584.0,3556.0,3564.0,169,3565.0,273,204462,7297701330.0,1322377
2020-03-16 09:05:31.060000000,3564.0,3584.0,3556.0,3564.0,162,3565.0,31,204731,7307290530.0,1322363
2020-03-16 09:05:31.563000000,3564.0,3584.0,3556.0,3565.0,6,3566.0,394,204910,7313671110.0,1322284
2020-03-16 09:05:32.069000000,3565.0,3584.0,3556.0,3565.0,10,3566.0,14,205513,7335172710.0,1322670
2020-03-16 09:05:32.561000000,3565.0,3584.0,3556.0,3565.0,328,3566.0,6,205594,7338060620.0,1322669
2020-03-16 09:05:33.066000000,3566.0,3584.0,3556.0,3566.0,249,3567.0,190,205709,7342161520.0,1322751
2020-03-16 09:05:33.565000000,3567.0,3584.0,3556.0,3566.0,423,3567.0,200,205737,7343160120.0,1322748
2020-03-16 09:05:34.064000000,3567.0,3584.0,3556.0,3567.0,24,3568.0,28,206237,7360995730.0,1322507
2020-03-16 09:05:34.566000000,3567.0,3584.0,3556.0,3566.0,669,3567.0,4,206597,7373837180.0,1322457
2020-03-16 09:05:35.054000000,3567.0,3584.0,3556.0,3567.0,11,3568.0,315,206714,7378010570.0,1322559
2020-03-16 09:05:35.542000000,3567.0,3584.0,3556.0,3566.0,673,3567.0,54,206812,7381506140.0,1322514
2020-03-16 09:05:36.067000000,3567.0,3584.0,3556.0,3566.0,664,3567.0,3,206910,7385001780.0,1322494
2020-03-16 09:05:36.546000000,3567.0,3584.0,3556.0,3566.0,674,3567.0,49,206933,7385822160.0,1322491
2020-03-16 09:05:37.061000000,3567.0,3584.0,3556.0,3566.0,653,3567.0,204,206979,7387462760.0,1322511
2020-03-16 09:05:37.549000000,3566.0,3584.0,3556.0,3566.0,578,3567.0,209,207127,7392741860.0,1322442
2020-03-16 09:05:38.062000000,3567.0,3584.0,3556.0,3567.0,174,3568.0,297,207457,7404512940.0,1322579
2020-03-16 09:05:38.546000000,3567.0,3584.0,3556.0,3566.0,586,3567.0,190,207713,7413644440.0,1322568
2020-03-16 09:05:39.068000000,3566.0,3584.0,3556.0,3566.0,586,3567.0,355,207730,7414250770.0,1322570
2020-03-16 09:05:39.567000000,3567.0,3584.0,3556.0,3566.0,593,3567.0,219,207898,7420243320.0,1322420
2020-03-16 09:05:40.054000000,3567.0,3584.0,3556.0,3566.0,597,3567.0,182,207912,7420742660.0,1322420
2020-03-16 09:05:40.565000000,3567.0,3584.0,3556.0,3566.0,584,3567.0,188,207940,7421741290.0,1322419
2020-03-16 09:05:41.068000000,3567.0,3584.0,3556.0,3566.0,554,3567.0,195,207988,7423453050.0,1322413
2020-03-16 09:05:41.566000000,3566.0,3584.0,3556.0,3566.0,338,3567.0,211,208236,7432297070.0,1322291
2020-03-16 09:05:42.063000000,3566.0,3584.0,3556.0,3565.0,344,3566.0,953,208640,7446703710.0,1322240
2020-03-16 09:05:42.538000000,3565.0,3584.0,3556.0,3563.0,308,3565.0,601,209116,7463672090.0,1322460
2020-03-16 09:05:43.066000000,3564.0,3584.0,3556.0,3563.0,760,3564.0,52,209237,7467984460.0,1322458
2020-03-16 09:05:43.559000000,3563.0,3584.0,3556.0,3563.0,780,3565.0,451,209303,7470336780.0,1322461
2020-03-16 09:05:44.063000000,3564.0,3584.0,3556.0,3564.0,16,3565.0,480,209313,7470693240.0,1322459
2020-03-16 09:05:44.536000000,3565.0,3584.0,3556.0,3564.0,12,3565.0,493,209320,7470942790.0,1322458
2020-03-16 09:05:45.039000000,3563.0,3584.0,3556.0,3563.0,782,3564.0,3,209342,7471726890.0,1322467
2020-03-16 09:05:45.566000000,3565.0,3584.0,3556.0,3563.0,759,3565.0,478,209388,7473366170.0,1322454
2020-03-16 09:05:46.066000000,3564.0,3584.0,3556.0,3564.0,1,3565.0,491,209432,7474934140.0,1322494
2020-03-16 09:05:46.556000000,3564.0,3584.0,3556.0,3563.0,500,3564.0,15,209710,7484839900.0,1322667
2020-03-16 09:05:47.068000000,3564.0,3584.0,3556.0,3563.0,490,3564.0,193,209733,7485659480.0,1322682
2020-03-16 09:05:47.562000000,3564.0,3584.0,3556.0,3563.0,456,3564.0,255,209741,7485944580.0,1322684
2020-03-16 09:05:48.065000000,3564.0,3584.0,3556.0,3563.0,435,3564.0,207,209825,7488938110.0,1322686
2020-03-16 09:05:48.568000000,3563.0,3584.0,3556.0,3563.0,567,3564.0,181,209838,7489401420.0,1322685
2020-03-16 09:05:49.064000000,3564.0,3584.0,3556.0,3564.0,23,3565.0,554,209995,7494996750.0,1322626
2020-03-16 09:05:49.547000000,3564.0,3584.0,3556.0,3564.0,105,3565.0,566,210009,7495495720.0,1322627
2020-03-16 09:05:50.026000000,3564.0,3584.0,3556.0,3564.0,100,3565.0,521,210071,7497705770.0,1322598
2020-03-16 09:05:50.561000000,3564.0,3584.0,3556.0,3563.0,590,3564.0,104,210282,7505225810.0,1322523
2020-03-16 09:05:51.053000000,3563.0,3584.0,3556.0,3563.0,578,3564.0,106,210301,7505902820.0,1322524
2020-03-16 09:05:51.566000000,3563.0,3584.0,3556.0,3563.0,592,3564.0,131,210307,7506116620.0,1322530
2020-03-16 09:05:52.054000000,3564.0,3584.0,3556.0,3563.0,589,3564.0,134,210323,7506686850.0,1322544
2020-03-16 09:05:52.545000000,3564.0,3584.0,3556.0,3563.0,570,3564.0,66,210416,7510001170.0,1322547
2020-03-16 09:05:53.061000000,3565.0,3584.0,3556.0,3564.0,1,3565.0,547,210514,7513494060.0,1322588
2020-03-16 09:05:53.555000000,3564.0,3584.0,3556.0,3564.0,3,3565.0,551,210519,7513672260.0,1322589
2020-03-16 09:05:54.068000000,3564.0,3584.0,3556.0,3563.0,571,3564.0,8,210553,7514883830.0,1322607
2020-03-16 09:05:54.549000000,3564.0,3584.0,3556.0,3564.0,18,3565.0,546,210688,7519695170.0,1322615
2020-03-16 09:05:55.067000000,3564.0,3584.0,3556.0,3564.0,55,3565.0,553,210700,7520122860.0,1322622
2020-03-16 09:05:55.563000000,3564.0,3584.0,3556.0,3564.0,62,3565.0,217,211041,7532279460.0,1322377
2020-03-16 09:05:56.063000000,3565.0,3584.0,3556.0,3565.0,16,3566.0,310,211224,7538803350.0,1322331
2020-03-16 09:05:56.559000000,3564.0,3584.0,3556.0,3565.0,2,3566.0,336,211277,7540692440.0,1322332
2020-03-16 09:05:57.060000000,3564.0,3584.0,3556.0,3564.0,195,3565.0,17,211287,7541048910.0,1322332
2020-03-16 09:05:57.568000000,3565.0,3584.0,3556.0,3564.0,244,3565.0,66,211316,7542082700.0,1322332
2020-03-16 09:05:58.058000000,3565.0,3584.0,3556.0,3564.0,230,3565.0,60,211345,7543116450.0,1322328
2020-03-16 09:05:58.563000000,3564.0,3584.0,3556.0,3564.0,231,3565.0,99,211349,7543259020.0,1322331
2020-03-16 09:05:59.065000000,3564.0,3584.0,3556.0,3564.0,222,3565.0,88,211397,7544970130.0,1322287
2020-03-16 09:05:59.569000000,3565.0,3584.0,3556.0,3564.0,214,3565.0,95,211422,7545861240.0,1322279
2020-03-16 09:06:00.043000000,3565.0,3584.0,3556.0,3564.0,114,3565.0,127,211568,7551065000.0,1322215
2020-03-16 09:06:00.546000000,3565.0,3584.0,3556.0,3564.0,47,3565.0,113,211663,7554451180.0,1322210
2020-03-16 09:06:01.068000000,3564.0,3584.0,3556.0,3563.0,607,3564.0,89,211824,7560189540.0,1322240
2020-03-16 09:06:01.558000000,3563.0,3584.0,3556.0,3563.0,655,3564.0,233,211864,7561615130.0,1322237
2020-03-16 09:06:02.060000000,3564.0,3584.0,3556.0,3562.0,305,3563.0,52,212599,7587803750.0,1322576
2020-03-16 09:06:02.559000000,3563.0,3584.0,3556.0,3562.0,246,3563.0,218,212621,7588587490.0,1322588
2020-03-16 09:06:03.067000000,3562.0,3584.0,3556.0,3562.0,2,3563.0,272,212906,7598739750.0,1322714
2020-03-16 09:06:03.567000000,3562.0,3584.0,3556.0,3561.0,996,3562.0,21,213021,7602836050.0,1322806
2020-03-16 09:06:04.067000000,3562.0,3584.0,3556.0,3562.0,100,3563.0,249,213125,7606540530.0,1322741
2020-03-16 09:06:04.562000000,3562.0,3584.0,3556.0,3561.0,1028,3562.0,142,213256,7611206810.0,1322705
2020-03-16 09:06:05.054000000,3561.0,3584.0,3556.0,3561.0,1007,3562.0,35,213469,7618793610.0,1322664
2020-03-16 09:06:05.558000000,3562.0,3584.0,3556.0,3562.0,93,3563.0,249,213582,7622818800.0,1322694
2020-03-16 09:06:06.044000000,3562.0,3584.0,3556.0,3562.0,122,3563.0,231,213698,7626950950.0,1322699
2020-03-16 09:06:06.561000000,3562.0,3584.0,3556.0,3562.0,135,3563.0,225,213716,7627592240.0,1322712
2020-03-16 09:06:07.069000000,3562.0,3584.0,3556.0,3562.0,144,3563.0,189,213739,7628411500.0,1322704
2020-03-16 09:06:07.558000000,3562.0,3584.0,3556.0,3562.0,149,3563.0,187,213778,7629800710.0,1322694
2020-03-16 09:06:08.061000000,3563.0,3584.0,3556.0,3563.0,433,3564.0,135,213952,7636000270.0,1322799
2020-03-16 09:06:08.561000000,3563.0,3584.0,3556.0,3563.0,460,3564.0,44,213986,7637211860.0,1322825
2020-03-16 09:06:09.066000000,3563.0,3584.0,3556.0,3563.0,472,3564.0,67,214000,7637710680.0,1322837
2020-03-16 09:06:09.569000000,3563.0,3584.0,3556.0,3563.0,465,3564.0,166,214018,7638352130.0,1322851
2020-03-16 09:06:10.065000000,3563.0,3584.0,3556.0,3563.0,428,3564.0,216,214047,7639385420.0,1322854
2020-03-16 09:06:10.568000000,3563.0,3584.0,3556.0,3563.0,362,3564.0,216,214084,7640703730.0,1322889
2020-03-16 09:06:11.059000000,3564.0,3584.0,3556.0,3563.0,308,3564.0,177,214202,7644908590.0,1322911
2020-03-16 09:06:11.552000000,3564.0,3584.0,3556.0,3563.0,227,3564.0,197,214287,7647937160.0,1322931
2020-03-16 09:06:12.065000000,3564.0,3584.0,3556.0,3563.0,119,3564.0,196,214402,7652034690.0,1323011
2020-03-16 09:06:12.566000000,3562.0,3584.0,3556.0,3562.0,207,3564.0,215,214579,7658340720.0,1322928
2020-03-16 09:06:13.062000000,3562.0,3584.0,3556.0,3562.0,206,3563.0,114,214579,7658340720.0,1322928
2020-03-16 09:06:13.559000000,3563.0,3584.0,3556.0,3562.0,261,3563.0,149,214593,7658839540.0,1322919
2020-03-16 09:06:14.069000000,3562.0,3584.0,3556.0,3562.0,286,3563.0,179,214605,7659267000.0,1322919
2020-03-16 09:06:14.559000000,3562.0,3584.0,3556.0,3562.0,303,3563.0,376,214653,7660976820.0,1322913
2020-03-16 09:06:15.065000000,3562.0,3584.0,3556.0,3561.0,1115,3562.0,37,214963,7672018970.0,1323133
2020-03-16 09:06:15.569000000,3561.0,3584.0,3556.0,3561.0,1123,3562.0,15,215026,7674263090.0,1323103
2020-03-16 09:06:16.068000000,3562.0,3584.0,3556.0,3561.0,1122,3562.0,23,215056,7675331680.0,1323094
2020-03-16 09:06:16.559000000,3562.0,3584.0,3556.0,3562.0,27,3563.0,389,215131,7678003200.0,1323083
2020-03-16 09:06:17.066000000,3563.0,3584.0,3556.0,3562.0,27,3563.0,337,215177,7679641940.0,1323100
2020-03-16 09:06:17.555000000,3563.0,3584.0,3556.0,3562.0,131,3563.0,336,215191,7680140650.0,1323104
2020-03-16 09:06:18.063000000,3562.0,3584.0,3556.0,3562.0,127,3563.0,340,215203,7680568100.0,1323108
2020-03-16 09:06:18.560000000,3562.0,3584.0,3556.0,3562.0,172,3563.0,331,215217,7681066870.0,1323116
2020-03-16 09:06:19.069000000,3563.0,3584.0,3556.0,3562.0,107,3563.0,329,215285,7683489050.0,1323172
2020-03-16 09:06:19.564000000,3563.0,3584.0,3556.0,3562.0,84,3563.0,297,215351,7685840360.0,1323162
2020-03-16 09:06:20.066000000,3562.0,3584.0,3556.0,3561.0,774,3562.0,50,216104,7712656840.0,1323715
2020-03-16 09:06:20.568000000,3562.0,3584.0,3556.0,3561.0,349,3562.0,135,216546,7728396610.0,1323585
2020-03-16 09:06:21.069000000,3562.0,3584.0,3556.0,3561.0,310,3562.0,305,216603,7730426620.0,1323578
2020-03-16 09:06:21.566000000,3561.0,3584.0,3556.0,3561.0,315,3562.0,306,216622,7731103320.0,1323589
2020-03-16 09:06:22.069000000,3562.0,3584.0,3556.0,3561.0,316,3562.0,280,216647,7731993810.0,1323611
2020-03-16 09:06:22.554000000,3562.0,3584.0,3556.0,3561.0,321,3562.0,244,216672,7732884090.0,1323600
2020-03-16 09:06:23.063000000,3561.0,3584.0,3556.0,3561.0,330,3562.0,156,216778,7736659770.0,1323638
2020-03-16 09:06:23.566000000,3561.0,3584.0,3556.0,3561.0,299,3562.0,103,216867,7739829410.0,1323603
2020-03-16 09:06:24.069001000,3562.0,3584.0,3556.0,3561.0,317,3562.0,207,216906,7741218550.0,1323635
2020-03-16 09:06:24.557000000,3561.0,3584.0,3556.0,3561.0,227,3562.0,242,216979,7743818110.0,1323576
2020-03-16 09:06:25.069000000,3561.0,3584.0,3556.0,3560.0,1199,3561.0,435,217230,7752756220.0,1323648
2020-03-16 09:06:25.569000000,3561.0,3584.0,3556.0,3560.0,1209,3561.0,515,217235,7752934260.0,1323648
2020-03-16 09:06:26.053000000,3561.0,3584.0,3556.0,3560.0,1198,3561.0,515,217259,7753788790.0,1323645
2020-03-16 09:06:26.564000000,3560.0,3584.0,3556.0,3560.0,206,3561.0,510,218266,7789638150.0,1324322
2020-03-16 09:06:27.057000000,3560.0,3584.0,3556.0,3559.0,673,3560.0,719,218507,7798217710.0,1324498
2020-03-16 09:06:27.567000000,3560.0,3584.0,3556.0,3559.0,611,3560.0,696,218554,7799890770.0,1324509
2020-03-16 09:06:28.066000000,3559.0,3584.0,3556.0,3559.0,550,3560.0,659,218630,7802595650.0,1324454
2020-03-16 09:06:28.560000000,3560.0,3584.0,3556.0,3559.0,506,3560.0,688,218741,7806546250.0,1324349
2020-03-16 09:06:29.069000000,3560.0,3584.0,3556.0,3559.0,487,3560.0,676,218788,7808219130.0,1324307
2020-03-16 09:06:29.568000000,3559.0,3584.0,3556.0,3559.0,498,3560.0,661,218825,7809536270.0,1324277
2020-03-16 09:06:30.066000000,3560.0,3584.0,3556.0,3559.0,461,3560.0,622,218898,7812134730.0,1324238
2020-03-16 09:06:30.568000000,3560.0,3584.0,3556.0,3559.0,451,3560.0,610,218941,7813665240.0,1324220
2020-03-16 09:06:31.068000000,3558.0,3584.0,3556.0,3558.0,431,3559.0,3,219529,7834592820.0,1323860
2020-03-16 09:06:31.568000000,3558.0,3584.0,3556.0,3558.0,397,3559.0,22,219628,7838115390.0,1323849
2020-03-16 09:06:32.064000000,3559.0,3584.0,3556.0,3558.0,401,3559.0,7,219702,7840749030.0,1323802
2020-03-16 09:06:32.556000000,3559.0,3584.0,3556.0,3558.0,427,3559.0,74,219805,7844414990.0,1323844
2020-03-16 09:06:33.061000000,3559.0,3584.0,3556.0,3559.0,92,3560.0,393,219956,7849789120.0,1323775
2020-03-16 09:06:33.561000000,3559.0,3584.0,3556.0,3559.0,161,3560.0,368,219982,7850714490.0,1323768
2020-03-16 09:06:34.058000000,3559.0,3584.0,3556.0,3559.0,131,3560.0,5,220447,7867267200.0,1323635
2020-03-16 09:06:34.568000000,3560.0,3584.0,3556.0,3560.0,61,3561.0,214,220636,7873995600.0,1323766
2020-03-16 09:06:35.064000000,3560.0,3584.0,3556.0,3560.0,100,3561.0,187,220688,7875846800.0,1323729
2020-03-16 09:06:35.564000000,3560.0,3584.0,3556.0,3560.0,183,3561.0,190,220727,7877235210.0,1323722
2020-03-16 09:06:36.069000000,3561.0,3584.0,3556.0,3560.0,185,3561.0,151,220764,7878552640.0,1323698
2020-03-16 09:06:36.568000000,3560.0,3584.0,3556.0,3560.0,134,3561.0,144,220860,7881970480.0,1323674
2020-03-16 09:06:37.066000000,3561.0,3584.0,3556.0,3560.0,39,3561.0,237,220971,7885922200.0,1323704
2020-03-16 09:06:37.567000000,3560.0,3584.0,3556.0,3559.0,448,3560.0,22,221041,7888414200.0,1323649
2020-03-16 09:06:38.062000000,3560.0,3584.0,3556.0,3559.0,404,3560.0,142,221076,7889660200.0,1323658
2020-03-16 09:06:38.562000000,3560.0,3584.0,3556.0,3559.0,282,3560.0,134,221234,7895284060.0,1323645
2020-03-16 09:06:39.068000000,3559.0,3584.0,3556.0,3559.0,215,3560.0,96,221329,7898666010.0,1323696
2020-03-16 09:06:39.559000000,3560.0,3584.0,3556.0,3559.0,169,3560.0,156,221389,7900801460.0,1323724
2020-03-16 09:06:40.057000000,3560.0,3584.0,3556.0,3559.0,153,3560.0,156,221440,7902617050.0,1323690
2020-03-16 09:06:40.568000000,3559.0,3584.0,3556.0,3558.0,463,3559.0,211,221744,7913436550.0,1323485
2020-03-16 09:06:41.054000000,3560.0,3584.0,3556.0,3560.0,3,3561.0,128,222488,7939921190.0,1323623
2020-03-16 09:06:41.565000000,3560.0,3584.0,3556.0,3560.0,8,3561.0,154,222641,7945367990.0,1323741
2020-03-16 09:06:42.069000000,3560.0,3584.0,3556.0,3559.0,100,3560.0,115,222708,7947753160.0,1323702
2020-03-16 09:06:42.559000000,3559.0,3584.0,3556.0,3559.0,189,3560.0,127,222729,7948500730.0,1323689
2020-03-16 09:06:43.067000000,3560.0,3584.0,3556.0,3560.0,12,3561.0,157,222868,7953449090.0,1323721
2020-03-16 09:06:43.568000000,3560.0,3584.0,3556.0,3559.0,226,3560.0,4,222887,7954125440.0,1323720
2020-03-16 09:06:44.067000000,3559.0,3584.0,3556.0,3559.0,238,3561.0,157,222916,7955157780.0,1323720
2020-03-16 09:06:44.560000000,3560.0,3584.0,3556.0,3559.0,251,3560.0,3,222936,7955869740.0,1323725
2020-03-16 09:06:45.057000000,3560.0,3584.0,3556.0,3560.0,158,3561.0,142,222957,7956617440.0,1323725
2020-03-16 09:06:45.563000000,3560.0,3584.0,3556.0,3560.0,183,3561.0,100,223019,7958824780.0,1323735
2020-03-16 09:06:46.062000000,3561.0,3584.0,3556.0,3561.0,416,3562.0,298,223142,7963204640.0,1323833
2020-03-16 09:06:46.565000000,3561.0,3584.0,3556.0,3561.0,473,3562.0,247,223167,7964094900.0,1323847
2020-03-16 09:06:47.068000000,3561.0,3584.0,3556.0,3561.0,456,3562.0,233,223190,7964913950.0,1323858
2020-03-16 09:06:47.567000000,3561.0,3584.0,3556.0,3561.0,425,3562.0,235,223231,7966373960.0,1323872
2020-03-16 09:06:48.068000000,3561.0,3584.0,3556.0,3561.0,112,3562.0,235,223555,7977911710.0,1323882
2020-03-16 09:06:48.565000000,3561.0,3584.0,3556.0,3560.0,314,3561.0,448,223651,7981330270.0,1323889
2020-03-16 09:06:49.069000000,3560.0,3584.0,3556.0,3560.0,226,3561.0,503,223659,7981615090.0,1323894
2020-03-16 09:06:49.567000000,3561.0,3584.0,3556.0,3560.0,187,3561.0,516,223678,7982291510.0,1323892
2020-03-16 09:06:50.069000000,3561.0,3584.0,3556.0,3559.0,332,3560.0,1,223875,7989304770.0,1323994
2020-03-16 09:06:50.565000000,3560.0,3584.0,3556.0,3559.0,328,3560.0,99,223990,7993398770.0,1324005
2020-03-16 09:06:51.045000000,3560.0,3584.0,3556.0,3559.0,323,3560.0,130,224010,7994110650.0,1324000
2020-03-16 09:06:51.568000000,3560.0,3584.0,3556.0,3559.0,309,3560.0,124,224042,7995249720.0,1323994
2020-03-16 09:06:52.063000000,3560.0,3584.0,3556.0,3559.0,278,3560.0,159,224082,7996673400.0,1323985
2020-03-16 09:06:52.567000000,3560.0,3584.0,3556.0,3559.0,264,3560.0,124,224121,7998061770.0,1324015
2020-03-16 09:06:53.053000000,3560.0,3584.0,3556.0,3559.0,163,3560.0,102,224260,8003009010.0,1324087
2020-03-16 09:06:53.563000000,3560.0,3584.0,3556.0,3559.0,133,3560.0,166,224316,8005002480.0,1324076
2020-03-16 09:06:54.063000000,3559.0,3584.0,3556.0,3559.0,140,3560.0,241,224339,8005821220.0,1324079
2020-03-16 09:06:54.556000000,3561.0,3584.0,3556.0,3560.0,64,3561.0,27,224969,8028252700.0,1324191
2020-03-16 09:06:55.066000000,3561.0,3584.0,3556.0,3560.0,351,3562.0,291,225025,8030246700.0,1324166
2020-03-16 09:06:55.567000000,3560.0,3584.0,3556.0,3560.0,309,3561.0,8,225119,8033593330.0,1324121
2020-03-16 09:06:56.064000000,3561.0,3584.0,3556.0,3561.0,207,3562.0,278,225135,8034163110.0,1324116
2020-03-16 09:06:56.563000000,3561.0,3584.0,3556.0,3561.0,140,3562.0,297,225208,8036762640.0,1324138
2020-03-16 09:06:57.066000000,3561.0,3584.0,3556.0,3561.0,2,3562.0,301,225374,8042673910.0,1324088
2020-03-16 09:06:57.568000000,3561.0,3584.0,3556.0,3560.0,35,3562.0,302,225741,8055739560.0,1323973
2020-03-16 09:06:58.067000000,3561.0,3584.0,3556.0,3560.0,142,3561.0,117,225748,8055988800.0,1323974
2020-03-16 09:06:58.561000000,3560.0,3584.0,3556.0,3560.0,144,3561.0,316,225774,8056914610.0,1323974
2020-03-16 09:06:59.034000000,3560.0,3584.0,3556.0,3560.0,123,3561.0,374,225786,8057341810.0,1323972
2020-03-16 09:06:59.567000000,3560.0,3584.0,3556.0,3560.0,128,3561.0,387,225816,8058409890.0,1323964
2020-03-16 09:07:00.070000000,3560.0,3584.0,3556.0,3560.0,6,3561.0,394,225958,8063465150.0,1324048
2020-03-16 09:07:00.557000000,3560.0,3584.0,3556.0,3559.0,225,3560.0,344,225983,8064355150.0,1324054
2020-03-16 09:07:01.068000000,3560.0,3584.0,3556.0,3559.0,189,3560.0,386,226065,8067274140.0,1324067
2020-03-16 09:07:01.560000000,3560.0,3584.0,3556.0,3559.0,180,3560.0,389,226087,8068057180.0,1324057
2020-03-16 09:07:02.065000000,3559.0,3584.0,3556.0,3559.0,152,3560.0,485,226140,8069943470.0,1324079
2020-03-16 09:07:02.566000000,3559.0,3584.0,3556.0,3559.0,194,3560.0,505,226158,8070584130.0,1324069
2020-03-16 09:07:03.068000000,3559.0,3584.0,3556.0,3559.0,189,3560.0,490,226185,8071545210.0,1324060
2020-03-16 09:07:03.568000000,3559.0,3584.0,3556.0,3559.0,79,3560.0,475,226347,8077311070.0,1324111
2020-03-16 09:07:04.069000000,3559.0,3584.0,3556.0,3558.0,615,3559.0,210,226518,8083396620.0,1324046
2020-03-16 09:07:04.566000000,3559.0,3584.0,3556.0,3558.0,638,3559.0,248,226590,8085959090.0,1324034
2020-03-16 09:07:05.068000000,3559.0,3584.0,3556.0,3558.0,628,3559.0,341,226619,8086991040.0,1324017
2020-03-16 09:07:05.566000000,3558.0,3584.0,3556.0,3558.0,586,3559.0,449,226648,8088022950.0,1324008
2020-03-16 09:07:06.047000000,3559.0,3584.0,3556.0,3558.0,568,3559.0,453,226701,8089909210.0,1323957
2020-03-16 09:07:06.554000000,3559.0,3584.0,3556.0,3558.0,575,3559.0,369,226780,8092720760.0,1323904
2020-03-16 09:07:07.069000000,3559.0,3584.0,3556.0,3558.0,556,3559.0,347,226810,8093788260.0,1323898
2020-03-16 09:07:07.518000000,3559.0,3584.0,3556.0,3558.0,537,3559.0,308,226881,8096314850.0,1323902
2020-03-16 09:07:08.067000000,3558.0,3584.0,3556.0,3558.0,494,3559.0,304,226921,8097738110.0,1323888
2020-03-16 09:07:08.560000000,3558.0,3584.0,3556.0,3558.0,383,3559.0,277,227084,8103538000.0,1323940
2020-03-16 09:07:09.060000000,3558.0,3584.0,3556.0,3558.0,209,3559.0,304,227239,8109053050.0,1323908
2020-03-16 09:07:09.568000000,3559.0,3584.0,3556.0,3557.0,738,3559.0,251,227466,8117129850.0,1323997
2020-03-16 09:07:10.064000000,3558.0,3584.0,3556.0,3557.0,728,3558.0,10,227547,8120012090.0,1324037
2020-03-16 09:07:10.557000000,3558.0,3584.0,3556.0,3558.0,4,3559.0,193,227762,8127661070.0,1324015
2020-03-16 09:07:11.060000000,3559.0,3584.0,3556.0,3558.0,21,3559.0,167,227907,8132820520.0,1323893
2020-03-16 09:07:11.568000000,3559.0,3584.0,3556.0,3558.0,232,3559.0,223,227964,8134848890.0,1323900
2020-03-16 09:07:12.058000000,3559.0,3584.0,3556.0,3559.0,190,3560.0,396,228088,8139261910.0,1323872
2020-03-16 09:07:12.569000000,3559.0,3584.0,3556.0,3559.0,267,3560.0,230,228112,8140116150.0,1323866
2020-03-16 09:07:13.068000000,3559.0,3584.0,3556.0,3559.0,353,3560.0,205,228121,8140436490.0,1323861
2020-03-16 09:07:13.567000000,3559.0,3584.0,3556.0,3559.0,370,3561.0,516,228405,8150546820.0,1323807
2020-03-16 09:07:14.068000000,3560.0,3584.0,3556.0,3560.0,35,3561.0,452,228462,8152576340.0,1323803
2020-03-16 09:07:14.566000000,3560.0,3584.0,3556.0,3560.0,81,3561.0,476,228475,8153039170.0,1323804
2020-03-16 09:07:15.063000000,3560.0,3584.0,3556.0,3560.0,114,3561.0,465,228546,8155566800.0,1323861
2020-03-16 09:07:15.567000000,3560.0,3584.0,3556.0,3560.0,140,3561.0,467,228549,8155673610.0,1323863
2020-03-16 09:07:16.062000000,3560.0,3584.0,3556.0,3560.0,81,3561.0,470,228616,8158058820.0,1323867
2020-03-16 09:07:16.567000000,3560.0,3584.0,3556.0,3559.0,360,3560.0,295,228700,8161049100.0,1323847
2020-03-16 09:07:17.068000000,3560.0,3584.0,3556.0,3560.0,48,3561.0,12,229543,8191064100.0,1323805
2020-03-16 09:07:17.565000000,3561.0,3584.0,3556.0,3560.0,273,3561.0,18,229572,8192096590.0,1323828
2020-03-16 09:07:18.068000000,3560.0,3584.0,3556.0,3559.0,274,3560.0,28,229972,8206337050.0,1323594
2020-03-16 09:07:18.569000000,3561.0,3584.0,3556.0,3560.0,547,3561.0,10,230080,8210182360.0,1323638
2020-03-16 09:07:19.060000000,3561.0,3584.0,3556.0,3561.0,31,3562.0,362,230104,8211037000.0,1323648
2020-03-16 09:07:19.566000000,3561.0,3584.0,3556.0,3561.0,44,3562.0,357,230113,8211357500.0,1323653
2020-03-16 09:07:20.060000000,3561.0,3584.0,3556.0,3561.0,148,3562.0,364,230129,8211927260.0,1323657
2020-03-16 09:07:20.561000000,3561.0,3584.0,3556.0,3561.0,268,3562.0,346,230130,8211962870.0,1323658
2020-03-16 09:07:21.069000000,3562.0,3584.0,3556.0,3561.0,278,3562.0,309,230170,8213387540.0,1323645
2020-03-16 09:07:21.561000000,3561.0,3584.0,3556.0,3561.0,333,3562.0,292,230220,8215168150.0,1323664
2020-03-16 09:07:22.066000000,3561.0,3584.0,3556.0,3561.0,34,3562.0,234,230592,8228415770.0,1323601
2020-03-16 09:07:22.560000000,3561.0,3584.0,3556.0,3561.0,91,3562.0,223,230655,8230659810.0,1323586
2020-03-16 09:07:23.063000000,3562.0,3584.0,3556.0,3561.0,39,3562.0,213,230722,8233045720.0,1323651
2020-03-16 09:07:23.559000000,3561.0,3584.0,3556.0,3561.0,268,3562.0,163,230762,8234470400.0,1323684
2020-03-16 09:07:24.065000000,3562.0,3584.0,3556.0,3561.0,300,3562.0,5,230873,8238424220.0,1323666
2020-03-16 09:07:24.560000000,3562.0,3584.0,3556.0,3562.0,49,3563.0,420,230890,8239029760.0,1323657
2020-03-16 09:07:25.059000000,3562.0,3584.0,3556.0,3562.0,42,3563.0,437,230931,8240490410.0,1323649
2020-03-16 09:07:25.559000000,3563.0,3584.0,3556.0,3562.0,7,3563.0,334,231067,8245335750.0,1323570
2020-03-16 09:07:26.067000000,3563.0,3584.0,3556.0,3562.0,11,3563.0,332,231077,8245691970.0,1323572
2020-03-16 09:07:26.563000000,3562.0,3584.0,3556.0,3561.0,331,3562.0,26,231130,8247579840.0,1323540
2020-03-16 09:07:27.065000000,3562.0,3584.0,3556.0,3561.0,287,3562.0,46,231161,8248684060.0,1323515
2020-03-16 09:07:27.564000000,3563.0,3584.0,3556.0,3561.0,110,3563.0,270,231344,8255203510.0,1323611
2020-03-16 09:07:28.068000000,3562.0,3584.0,3556.0,3561.0,175,3562.0,23,231351,8255452850.0,1323614
2020-03-16 09:07:28.568000000,3562.0,3584.0,3556.0,3562.0,474,3563.0,271,231391,8256877760.0,1323605
2020-03-16 09:07:29.067000000,3563.0,3584.0,3556.0,3562.0,207,3563.0,220,231707,8268133700.0,1323614
2020-03-16 09:07:29.559000000,3563.0,3584.0,3556.0,3562.0,180,3563.0,72,231935,8276257320.0,1323752
2020-03-16 09:07:30.069000000,3563.0,3584.0,3556.0,3562.0,196,3563.0,39,231953,8276898570.0,1323753
2020-03-16 09:07:30.563000000,3562.0,3584.0,3556.0,3561.0,210,3562.0,89,232182,8285055560.0,1323748
2020-03-16 09:07:31.061000000,3562.0,3584.0,3556.0,3561.0,209,3562.0,153,232199,8285660990.0,1323744
2020-03-16 09:07:31.559000000,3561.0,3584.0,3556.0,3561.0,183,3562.0,169,232233,8286871990.0,1323747
2020-03-16 09:07:32.059000000,3561.0,3584.0,3556.0,3560.0,872,3561.0,8,232429,8293851590.0,1323763
2020-03-16 09:07:32.558000000,3561.0,3584.0,3556.0,3560.0,767,3561.0,53,232454,8294741840.0,1323762
2020-03-16 09:07:33.066000000,3561.0,3584.0,3556.0,3560.0,198,3561.0,107,233020,8314891710.0,1323980
2020-03-16 09:07:33.551000000,3560.0,3584.0,3556.0,3559.0,232,3560.0,70,233235,8322545710.0,1324091
2020-03-16 09:07:34.065000000,3560.0,3584.0,3556.0,3559.0,181,3560.0,297,233260,8323435710.0,1324093
2020-03-16 09:07:34.558000000,3559.0,3584.0,3556.0,3558.0,335,3559.0,21,233429,8329450510.0,1324173
2020-03-16 09:07:35.069000000,3558.0,3584.0,3556.0,3558.0,21,3559.0,134,233757,8341121020.0,1323992
2020-03-16 09:07:35.560000000,3560.0,3584.0,3556.0,3560.0,654,3561.0,228,234558,8369634320.0,1324383
2020-03-16 09:07:36.065000000,3560.0,3584.0,3556.0,3560.0,696,3561.0,70,234647,8372803550.0,1324415
2020-03-16 09:07:36.558000000,3560.0,3584.0,3556.0,3560.0,718,3562.0,325,234705,8374868800.0,1324433
2020-03-16 09:07:37.054000000,3560.0,3584.0,3556.0,3560.0,642,3561.0,4,234805,8378428830.0,1324482
2020-03-16 09:07:37.567000000,3560.0,3584.0,3556.0,3560.0,620,3561.0,80,234826,8379176440.0,1324502
2020-03-16 09:07:38.069000000,3560.0,3584.0,3556.0,3560.0,561,3561.0,110,234854,8380173350.0,1324514
2020-03-16 09:07:38.558000000,3560.0,3584.0,3556.0,3560.0,249,3561.0,125,235165,8391244950.0,1324753
2020-03-16 09:07:39.069000000,3560.0,3584.0,3556.0,3559.0,76,3560.0,294,235427,8400572150.0,1324790
2020-03-16 09:07:39.567000000,3560.0,3584.0,3556.0,3559.0,47,3560.0,315,235453,8401497650.0,1324794
2020-03-16 09:07:40.050000000,3559.0,3584.0,3556.0,3559.0,85,3560.0,295,235467,8401995950.0,1324793
2020-03-16 09:07:40.560000000,3559.0,3584.0,3556.0,3558.0,141,3559.0,504,235582,8406088920.0,1324764
2020-03-16 09:07:41.069000000,3559.0,3584.0,3556.0,3558.0,193,3559.0,495,235621,8407476780.0,1324753
2020-03-16 09:07:41.569000000,3559.0,3584.0,3556.0,3558.0,261,3559.0,521,235714,8410786560.0,1324674
2020-03-16 09:07:42.068000000,3559.0,3584.0,3556.0,3558.0,264,3559.0,478,235757,8412316930.0,1324655
2020-03-16 09:07:42.566000000,3558.0,3584.0,3556.0,3558.0,241,3559.0,449,235818,8414487600.0,1324640
2020-03-16 09:07:43.070000000,3559.0,3584.0,3556.0,3558.0,258,3559.0,412,235863,8416089070.0,1324623
2020-03-16 09:07:43.565000000,3558.0,3584.0,3556.0,3558.0,328,3559.0,410,235884,8416836270.0,1324631
2020-03-16 09:07:44.067000000,3559.0,3584.0,3556.0,3558.0,324,3559.0,409,235895,8417227660.0,1324635
2020-03-16 09:07:44.552000000,3558.0,3584.0,3556.0,3558.0,313,3560.0,342,236330,8432709200.0,1324343
2020-03-16 09:07:45.040000000,3560.0,3584.0,3556.0,3559.0,34,3560.0,315,236340,8433065020.0,1324339
2020-03-16 09:07:45.546000000,3559.0,3584.0,3556.0,3559.0,186,3560.0,314,236435,8436446090.0,1324285
2020-03-16 09:07:46.065000000,3559.0,3584.0,3556.0,3558.0,386,3559.0,27,236683,8445272300.0,1324510
2020-03-16 09:07:46.555000000,3560.0,3584.0,3556.0,3559.0,3,3560.0,275,236723,8446695920.0,1324527
2020-03-16 09:07:47.062000000,3559.0,3584.0,3556.0,3559.0,1,3560.0,253,236857,8451465780.0,1324397
2020-03-16 09:07:47.558000000,3560.0,3584.0,3556.0,3559.0,4,3560.0,251,236962,8455202750.0,1324409
2020-03-16 09:07:48.060000000,3560.0,3584.0,3556.0,3559.0,62,3560.0,247,236969,8455451920.0,1324412
2020-03-16 09:07:48.555000000,3560.0,3584.0,3556.0,3559.0,37,3560.0,245,237012,8456982310.0,1324447
2020-03-16 09:07:49.068000000,3559.0,3584.0,3556.0,3559.0,125,3560.0,270,237118,8460754880.0,1324540
2020-03-16 09:07:49.567000000,3560.0,3584.0,3556.0,3559.0,139,3560.0,239,237143,8461644750.0,1324553
2020-03-16 09:07:50.064000000,3559.0,3584.0,3556.0,3559.0,2,3560.0,225,237292,8466947680.0,1324545
2020-03-16 09:07:50.566000000,3559.0,3584.0,3556.0,3558.0,475,3559.0,288,237303,8467339170.0,1324556
2020-03-16 09:07:51.040000000,3558.0,3584.0,3556.0,3558.0,435,3559.0,283,237328,8468228810.0,1324556
2020-03-16 09:07:51.561000000,3559.0,3584.0,3556.0,3558.0,452,3559.0,520,237350,8469011780.0,1324568
2020-03-16 09:07:52.059000000,3558.0,3584.0,3556.0,3557.0,710,3558.0,2,237979,8491392640.0,1324856
2020-03-16 09:07:52.570000000,3558.0,3584.0,3556.0,3557.0,666,3558.0,57,238080,8494985690.0,1324877
2020-03-16 09:07:53.069000000,3557.0,3584.0,3556.0,3557.0,695,3559.0,564,238296,8502670980.0,1324950
2020-03-16 09:07:53.570000000,3557.0,3584.0,3556.0,3557.0,417,3558.0,3,238636,8514764880.0,1324837
2020-03-16 09:07:54.068000000,3557.0,3584.0,3556.0,3557.0,445,3558.0,90,238663,8515725430.0,1324853
2020-03-16 09:07:54.568000000,3556.0,3584.0,3556.0,3556.0,1578,3557.0,175,239244,8536393370.0,1324685
2020-03-16 09:07:55.067000000,3558.0,3584.0,3556.0,3558.0,20,3559.0,1,240228,8571406500.0,1324425
2020-03-16 09:07:55.567000000,3558.0,3584.0,3556.0,3558.0,196,3559.0,29,240410,8577883510.0,1324497
2020-03-16 09:07:56.044000000,3559.0,3584.0,3556.0,3558.0,48,3559.0,51,240598,8584572560.0,1324395
2020-03-16 09:07:56.553000000,3559.0,3584.0,3556.0,3558.0,5,3559.0,309,240784,8591191620.0,1324512
2020-03-16 09:07:57.069000000,3558.0,3584.0,3556.0,3557.0,128,3558.0,149,240806,8591974370.0,1324526
2020-03-16 09:07:57.568000000,3557.0,3584.0,3556.0,3557.0,11,3558.0,409,240930,8596385080.0,1324583
2020-03-16 09:07:58.068000000,3557.0,3584.0,3556.0,3556.0,1622,3557.0,19,240969,8597772300.0,1324592
2020-03-16 09:07:58.568000000,3557.0,3584.0,3556.0,3556.0,1651,3557.0,680,241032,8600013200.0,1324605
2020-03-16 09:07:59.063000000,3556.0,3584.0,3556.0,3556.0,1589,3557.0,378,241420,8613814320.0,1324620
2020-03-16 09:07:59.552000000,3558.0,3584.0,3556.0,3556.0,1628,3558.0,453,241782,8626690730.0,1324371
2020-03-16 09:08:00.068000000,3556.0,3584.0,3556.0,3556.0,1572,3558.0,425,241975,8633554750.0,1324260
2020-03-16 09:08:00.569000000,3556.0,3584.0,3556.0,3556.0,1493,3557.0,1,242075,8637110820.0,1324176
2020-03-16 09:08:01.066000000,3556.0,3584.0,3556.0,3556.0,1448,3557.0,29,242119,8638675510.0,1324138
2020-03-16 09:08:01.569000000,3557.0,3584.0,3556.0,3556.0,1692,3557.0,21,242172,8640560620.0,1324146
2020-03-16 09:08:02.064000000,3556.0,3584.0,3556.0,3557.0,34,3558.0,441,242849,8664636840.0,1323737
2020-03-16 09:08:02.565000000,3558.0,3584.0,3556.0,3557.0,160,3558.0,471,242953,8668335830.0,1323727
2020-03-16 09:08:03.065000000,3556.0,3584.0,3556.0,3556.0,1196,3557.0,147,243236,8678402170.0,1323813
2020-03-16 09:08:03.565000000,3557.0,3584.0,3556.0,3557.0,10,3558.0,449,243458,8686298730.0,1323616
2020-03-16 09:08:04.058000000,3556.0,3584.0,3556.0,3556.0,1194,3557.0,1,243672,8693910500.0,1323679
2020-03-16 09:08:04.559000000,3557.0,3584.0,3556.0,3556.0,1092,3557.0,212,243797,8698355620.0,1323719
2020-03-16 09:08:05.069000000,3557.0,3584.0,3556.0,3556.0,1049,3557.0,220,243855,8700418450.0,1323714
2020-03-16 09:08:05.566000000,3556.0,3584.0,3556.0,3556.0,952,3557.0,102,243991,8705254870.0,1323810
2020-03-16 09:08:06.067000000,3556.0,3584.0,3556.0,3556.0,273,3557.0,91,244738,8731818770.0,1323501
2020-03-16 09:08:06.567000000,3556.0,3584.0,3555.0,3555.0,1205,3556.0,241,245040,8742557890.0,1323599
2020-03-16 09:08:07.069000000,3556.0,3584.0,3555.0,3555.0,930,3556.0,279,245388,8754929960.0,1323586
2020-03-16 09:08:07.570000000,3556.0,3584.0,3555.0,3555.0,793,3556.0,482,245657,8764493530.0,1323691
2020-03-16 09:08:08.068000000,3556.0,3584.0,3555.0,3555.0,758,3556.0,490,245721,8766768790.0,1323640
2020-03-16 09:08:08.568000000,3555.0,3584.0,3555.0,3555.0,777,3556.0,493,245789,8769186450.0,1323659
2020-03-16 09:08:09.068000000,3555.0,3584.0,3555.0,3555.0,287,3556.0,453,246335,8788597160.0,1323581
2020-03-16 09:08:09.570000000,3554.0,3584.0,3554.0,3554.0,804,3555.0,128,246671,8800541990.0,1323618
2020-03-16 09:08:10.069000000,3554.0,3584.0,3554.0,3554.0,847,3555.0,153,246828,8806122340.0,1323543
2020-03-16 09:08:10.569000000,3555.0,3584.0,3554.0,3555.0,49,3556.0,228,247120,8816502960.0,1323438
2020-03-16 09:08:11.070000000,3555.0,3584.0,3554.0,3554.0,868,3556.0,218,247264,8821622060.0,1323342
2020-03-16 09:08:11.569000000,3554.0,3584.0,3554.0,3554.0,854,3556.0,236,247333,8824074940.0,1323325
2020-03-16 09:08:12.069000000,3555.0,3584.0,3554.0,3555.0,231,3556.0,222,247690,8836766110.0,1323004
2020-03-16 09:08:12.566000000,3556.0,3584.0,3554.0,3556.0,103,3557.0,297,248133,8852519140.0,1322908
2020-03-16 09:08:13.053000000,3556.0,3584.0,3554.0,3556.0,178,3558.0,252,248421,8862762480.0,1322908
2020-03-16 09:08:13.568000000,3556.0,3584.0,3554.0,3556.0,256,3557.0,4,248496,8865429520.0,1322968
2020-03-16 09:08:14.056000000,3556.0,3584.0,3554.0,3556.0,13,3557.0,13,248805,8876418130.0,1322772
2020-03-16 09:08:14.558000000,3555.0,3584.0,3554.0,3555.0,447,3556.0,108,248952,8881645360.0,1322797
2020-03-16 09:08:15.055000000,3556.0,3584.0,3554.0,3555.0,453,3556.0,162,248972,8882356410.0,1322792
2020-03-16 09:08:15.565000000,3556.0,3584.0,3554.0,3555.0,445,3556.0,236,248983,8882747490.0,1322794
2020-03-16 09:08:16.063000000,3556.0,3584.0,3554.0,3555.0,129,3556.0,4,249581,8904009130.0,1322631
2020-03-16 09:08:16.570000000,3556.0,3584.0,3554.0,3555.0,147,3556.0,37,249774,8910871560.0,1322679
2020-03-16 09:08:17.065000000,3555.0,3584.0,3554.0,3555.0,3,3556.0,82,249945,8916950820.0,1322632
2020-03-16 09:08:17.564000000,3555.0,3584.0,3554.0,3555.0,70,3556.0,151,249982,8918266360.0,1322606
2020-03-16 09:08:18.062000000,3556.0,3584.0,3554.0,3556.0,339,3557.0,200,250162,8924667050.0,1322748
2020-03-16 09:08:18.560000000,3556.0,3584.0,3554.0,3556.0,333,3557.0,186,250193,8925769420.0,1322754
