datetime,KQ.m@SHFE.rb.last_price,KQ.m@SHFE.rb.highest,KQ.m@SHFE.rb.lowest,KQ.m@SHFE.rb.bid_price1,KQ.m@SHFE.rb.bid_volume1,KQ.m@SHFE.rb.ask_price1,KQ.m@SHFE.rb.ask_volume1,KQ.m@SHFE.rb.volume,KQ.m@SHFE.rb.amount,KQ.m@SHFE.rb.open_interest
2020-03-11 09:00:00.569001000,3495.0,3497.0,3495.0,3496.0,67,3497.0,377,3925,137218770.0,1412971
2020-03-11 09:00:01.069000000,3498.0,3498.0,3494.0,3497.0,752,3498.0,27,7729,270219930.0,1412654
2020-03-11 09:00:01.570000000,3498.0,3500.0,3494.0,3498.0,167,3500.0,412,10725,375045180.0,1412813
2020-03-11 09:00:02.069000000,3501.0,3508.0,3494.0,3501.0,94,3502.0,5,15557,544327200.0,1414680
2020-03-11 09:00:02.569000000,3504.0,3509.0,3494.0,3504.0,119,3506.0,90,17983,629361480.0,1414706
2020-03-11 09:00:03.070000000,3506.0,3509.0,3494.0,3506.0,310,3507.0,37,19533,683708890.0,1414613
2020-03-11 09:00:03.565000000,3508.0,3510.0,3494.0,3508.0,39,3510.0,630,20704,724785740.0,1414662
2020-03-11 09:00:04.069000000,3509.0,3510.0,3494.0,3509.0,123,3510.0,137,22484,787244470.0,1414964
2020-03-11 09:00:04.562000000,3507.0,3511.0,3494.0,3508.0,6,3509.0,93,24188,847033280.0,1414704
2020-03-11 09:00:05.069000000,3509.0,3511.0,3494.0,3507.0,442,3509.0,442,25068,877902090.0,1414746
2020-03-11 09:00:05.571000000,3507.0,3511.0,3494.0,3507.0,164,3508.0,8,26438,925964260.0,1414883
2020-03-11 09:00:06.070000000,3511.0,3511.0,3494.0,3510.0,165,3511.0,180,27265,954983480.0,1415015
2020-03-11 09:00:06.570000000,3510.0,3511.0,3494.0,3509.0,142,3510.0,15,29925,1048342420.0,1414967
2020-03-11 09:00:07.071000000,3510.0,3511.0,3494.0,3508.0,235,3510.0,194,31051,1087858990.0,1415524
2020-03-11 09:00:07.570000000,3507.0,3511.0,3494.0,3507.0,49,3508.0,6,32062,1123330940.0,1415408
2020-03-11 09:00:08.067000000,3507.0,3511.0,3494.0,3507.0,8,3508.0,160,33037,1157528510.0,1415372
2020-03-11 09:00:08.568000000,3506.0,3511.0,3494.0,3505.0,33,3506.0,4,34163,1197005500.0,1415219
2020-03-11 09:00:09.065000000,3506.0,3511.0,3494.0,3506.0,4,3507.0,464,35230,1234413020.0,1415273
2020-03-11 09:00:09.566000000,3504.0,3511.0,3494.0,3503.0,248,3504.0,88,35833,1255549000.0,1415331
2020-03-11 09:00:10.067000000,3504.0,3511.0,3494.0,3503.0,20,3504.0,125,36195,1268230820.0,1415274
2020-03-11 09:00:10.571000000,3503.0,3511.0,3494.0,3502.0,850,3503.0,46,36587,1281963970.0,1415287
2020-03-11 09:00:11.071000000,3503.0,3511.0,3494.0,3502.0,781,3503.0,156,37373,1309502530.0,1414866
2020-03-11 09:00:11.569000000,3503.0,3511.0,3494.0,3502.0,461,3503.0,101,38674,1355077830.0,1414608
2020-03-11 09:00:12.065000000,3504.0,3511.0,3494.0,3503.0,13,3504.0,34,39361,1379139960.0,1414639
2020-03-11 09:00:12.568000000,3502.0,3511.0,3494.0,3501.0,321,3502.0,12,39874,1397108420.0,1414769
2020-03-11 09:00:13.070000000,3501.0,3511.0,3494.0,3501.0,154,3502.0,335,40558,1421061190.0,1414801
2020-03-11 09:00:13.570000000,3500.0,3511.0,3494.0,3500.0,1779,3502.0,359,40976,1435696500.0,1414866
2020-03-11 09:00:14.070000000,3501.0,3511.0,3494.0,3500.0,1816,3501.0,20,41518,1454676530.0,1415006
2020-03-11 09:00:14.567000000,3501.0,3511.0,3494.0,3501.0,646,3502.0,1,42137,1476357270.0,1415008
2020-03-11 09:00:15.069000000,3502.0,3511.0,3494.0,3502.0,93,3503.0,68,42643,1494076610.0,1415009
2020-03-11 09:00:15.569000000,3502.0,3511.0,3494.0,3501.0,485,3502.0,174,43452,1522410090.0,1414973
2020-03-11 09:00:16.070000000,3503.0,3511.0,3494.0,3502.0,172,3505.0,1,44234,1549802070.0,1415112
2020-03-11 09:00:16.568000000,3503.0,3511.0,3494.0,3503.0,7,3504.0,249,44985,1576106830.0,1415253
2020-03-11 09:00:17.070000000,3502.0,3511.0,3494.0,3502.0,8,3503.0,521,45202,1583707020.0,1415182
2020-03-11 09:00:17.559000000,3502.0,3511.0,3494.0,3501.0,225,3502.0,265,45722,1601915060.0,1414802
2020-03-11 09:00:18.071000000,3502.0,3511.0,3494.0,3500.0,1945,3501.0,1,46267,1620994650.0,1414739
2020-03-11 09:00:18.567000000,3502.0,3511.0,3494.0,3500.0,1620,3502.0,40,46757,1638148330.0,1415055
2020-03-11 09:00:19.070000000,3502.0,3511.0,3494.0,3501.0,32,3502.0,224,47358,1659184630.0,1414958
2020-03-11 09:00:19.569000000,3501.0,3511.0,3494.0,3500.0,1080,3501.0,153,47481,1663490460.0,1414921
2020-03-11 09:00:20.071000000,3500.0,3511.0,3494.0,3500.0,1071,3501.0,102,47653,1669511820.0,1414905
2020-03-11 09:00:20.569000000,3502.0,3511.0,3494.0,3501.0,258,3502.0,317,47915,1678683870.0,1415006
2020-03-11 09:00:21.071000000,3501.0,3511.0,3494.0,3500.0,1167,3501.0,42,48494,1698956750.0,1415118
2020-03-11 09:00:21.565000000,3501.0,3511.0,3494.0,3501.0,28,3502.0,1,49137,1721476360.0,1415200
2020-03-11 09:00:22.064000000,3501.0,3511.0,3494.0,3501.0,251,3503.0,26,49485,1733663610.0,1415111
2020-03-11 09:00:22.567000000,3503.0,3511.0,3494.0,3503.0,66,3504.0,123,49553,1736045390.0,1415164
2020-03-11 09:00:23.062000000,3503.0,3511.0,3494.0,3502.0,179,3504.0,149,49851,1746484370.0,1415094
2020-03-11 09:00:23.570000000,3502.0,3511.0,3494.0,3502.0,122,3503.0,21,50318,1762844500.0,1414894
2020-03-11 09:00:24.066000000,3503.0,3511.0,3494.0,3502.0,17,3503.0,150,50957,1785222780.0,1414746
2020-03-11 09:00:24.570000000,3502.0,3511.0,3494.0,3501.0,760,3502.0,99,51277,1796428690.0,1414700
2020-03-11 09:00:25.068000000,3501.0,3511.0,3494.0,3502.0,10,3503.0,182,51761,1813376250.0,1414532
2020-03-11 09:00:25.565000000,3501.0,3511.0,3494.0,3501.0,444,3502.0,20,52012,1822165630.0,1414559
2020-03-11 09:00:26.063000000,3501.0,3511.0,3494.0,3501.0,96,3502.0,61,52499,1839217230.0,1414436
2020-03-11 09:00:26.565000000,3501.0,3511.0,3494.0,3500.0,1424,3501.0,30,52656,1844714390.0,1414387
2020-03-11 09:00:27.060000000,3501.0,3511.0,3494.0,3500.0,1322,3501.0,2,52948,1854936460.0,1414364
2020-03-11 09:00:27.570000000,3502.0,3511.0,3494.0,3501.0,41,3502.0,16,53139,1861624980.0,1414379
2020-03-11 09:00:28.071000000,3502.0,3511.0,3494.0,3501.0,136,3502.0,13,53348,1868942590.0,1414290
2020-03-11 09:00:28.565000000,3501.0,3511.0,3494.0,3501.0,458,3502.0,46,53495,1874089590.0,1414242
2020-03-11 09:00:29.064000000,3502.0,3511.0,3494.0,3501.0,545,3502.0,79,53540,1875665170.0,1414263
2020-03-11 09:00:29.569000000,3502.0,3511.0,3494.0,3502.0,2,3503.0,366,53842,1886239300.0,1414302
2020-03-11 09:00:30.070000000,3502.0,3511.0,3494.0,3502.0,41,3503.0,362,53989,1891387780.0,1414343
2020-03-11 09:00:30.569000000,3502.0,3511.0,3494.0,3502.0,13,3503.0,391,54384,1905220060.0,1414195
2020-03-11 09:00:31.071000000,3503.0,3511.0,3494.0,3502.0,435,3503.0,384,54708,1916566620.0,1414012
2020-03-11 09:00:31.570000000,3502.0,3511.0,3494.0,3502.0,318,3503.0,536,54985,1926267680.0,1413865
2020-03-11 09:00:32.070000000,3502.0,3511.0,3494.0,3502.0,279,3503.0,478,55086,1929805340.0,1413823
2020-03-11 09:00:32.569000000,3503.0,3511.0,3494.0,3501.0,280,3503.0,444,55715,1951832530.0,1413693
2020-03-11 09:00:33.071000000,3501.0,3511.0,3494.0,3501.0,188,3502.0,89,55859,1956874400.0,1413651
2020-03-11 09:00:33.571000000,3502.0,3511.0,3494.0,3501.0,135,3502.0,100,56050,1963562360.0,1413616
2020-03-11 09:00:34.068000000,3502.0,3511.0,3494.0,3501.0,145,3502.0,159,56224,1969655700.0,1413706
2020-03-11 09:00:34.567000000,3501.0,3511.0,3494.0,3500.0,1486,3501.0,109,56520,1980017650.0,1413699
2020-03-11 09:00:35.070000000,3502.0,3511.0,3494.0,3502.0,105,3503.0,740,57240,2005226890.0,1413645
2020-03-11 09:00:35.571000000,3501.0,3511.0,3494.0,3501.0,20,3502.0,295,57611,2018216170.0,1413530
2020-03-11 09:00:36.070000000,3501.0,3511.0,3494.0,3500.0,1379,3501.0,38,57900,2028334010.0,1413680
2020-03-11 09:00:36.569000000,3501.0,3511.0,3494.0,3500.0,1384,3501.0,101,58020,2032535210.0,1413585
2020-03-11 09:00:37.068000000,3500.0,3511.0,3494.0,3500.0,1366,3501.0,54,58167,2037681490.0,1413621
2020-03-11 09:00:37.571000000,3500.0,3511.0,3494.0,3500.0,1358,3501.0,27,58230,2039887020.0,1413618
2020-03-11 09:00:38.058000000,3500.0,3511.0,3494.0,3500.0,1343,3502.0,200,58696,2056202300.0,1413767
2020-03-11 09:00:38.570000000,3500.0,3511.0,3494.0,3500.0,1267,3502.0,237,58842,2061313060.0,1413859
2020-03-11 09:00:39.071000000,3501.0,3511.0,3494.0,3501.0,3,3502.0,546,58923,2064148510.0,1413881
2020-03-11 09:00:39.565000000,3501.0,3511.0,3494.0,3501.0,98,3502.0,559,59214,2074336330.0,1413876
2020-03-11 09:00:40.070000000,3502.0,3511.0,3494.0,3501.0,12,3502.0,229,59447,2082494120.0,1413787
2020-03-11 09:00:40.568000000,3500.0,3511.0,3494.0,3500.0,1659,3501.0,55,59668,2090231420.0,1413757
2020-03-11 09:00:41.070000000,3501.0,3511.0,3494.0,3500.0,1650,3501.0,64,59720,2092051810.0,1413731
2020-03-11 09:00:41.570000000,3500.0,3511.0,3494.0,3500.0,1655,3501.0,3,59799,2094817560.0,1413769
2020-03-11 09:00:42.061000000,3501.0,3511.0,3494.0,3500.0,1664,3501.0,355,59849,2096568080.0,1413762
2020-03-11 09:00:42.569000000,3500.0,3511.0,3494.0,3500.0,561,3501.0,387,60970,2135803680.0,1414303
2020-03-11 09:00:43.070000000,3500.0,3511.0,3494.0,3499.0,249,3500.0,2001,61618,2158483670.0,1414491
2020-03-11 09:00:43.562000000,3499.0,3511.0,3494.0,3498.0,533,3499.0,947,61960,2170449840.0,1414517
2020-03-11 09:00:44.063000000,3498.0,3511.0,3494.0,3497.0,1061,3498.0,2,62667,2195180390.0,1414496
2020-03-11 09:00:44.567000000,3499.0,3511.0,3494.0,3497.0,971,3499.0,255,63197,2213718610.0,1414371
2020-03-11 09:00:45.067000000,3497.0,3511.0,3494.0,3497.0,990,3498.0,76,63315,2217845750.0,1414296
2020-03-11 09:00:45.569000000,3499.0,3511.0,3494.0,3497.0,806,3499.0,264,63667,2230157150.0,1414035
2020-03-11 09:00:46.071000000,3498.0,3511.0,3494.0,3497.0,697,3498.0,54,63770,2233759100.0,1413958
2020-03-11 09:00:46.568000000,3497.0,3511.0,3494.0,3497.0,413,3498.0,232,64062,2243970460.0,1414002
2020-03-11 09:00:47.070000000,3498.0,3511.0,3494.0,3496.0,1086,3497.0,5,64854,2271666160.0,1414097
2020-03-11 09:00:47.569000000,3496.0,3511.0,3494.0,3496.0,1036,3497.0,180,65180,2283065100.0,1414165
2020-03-11 09:00:48.071000000,3496.0,3511.0,3494.0,3496.0,976,3497.0,212,65323,2288065140.0,1414289
2020-03-11 09:00:48.570000000,3496.0,3511.0,3494.0,3496.0,822,3497.0,190,65526,2295162380.0,1414371
2020-03-11 09:00:49.070000000,3497.0,3511.0,3494.0,3496.0,495,3497.0,344,65931,2309322210.0,1414256
2020-03-11 09:00:49.570000000,3496.0,3511.0,3494.0,3496.0,141,3497.0,329,66338,2323551560.0,1414328
2020-03-11 09:00:50.068000000,3496.0,3511.0,3494.0,3495.0,593,3496.0,460,66464,2327956480.0,1414401
2020-03-11 09:00:50.570000000,3496.0,3511.0,3494.0,3495.0,610,3496.0,512,66687,2335752240.0,1414509
2020-03-11 09:00:51.062000000,3496.0,3511.0,3494.0,3495.0,609,3496.0,454,66813,2340157130.0,1414453
2020-03-11 09:00:51.561000000,3496.0,3511.0,3494.0,3495.0,594,3496.0,382,66944,2344736470.0,1414396
2020-03-11 09:00:52.069000000,3496.0,3511.0,3494.0,3495.0,585,3496.0,336,67035,2347917600.0,1414396
2020-03-11 09:00:52.569000000,3495.0,3511.0,3494.0,3495.0,572,3496.0,208,67225,2354559610.0,1414324
2020-03-11 09:00:53.068000000,3495.0,3511.0,3494.0,3495.0,62,3496.0,243,67760,2373258010.0,1414110
2020-03-11 09:00:53.560000000,3494.0,3511.0,3494.0,3494.0,140,3495.0,570,67894,2377941110.0,1414133
2020-03-11 09:00:54.070000000,3494.0,3511.0,3493.0,3493.0,232,3494.0,225,68221,2389366380.0,1414006
2020-03-11 09:00:54.569000000,3493.0,3511.0,3493.0,3493.0,139,3494.0,251,68350,2393872680.0,1414090
2020-03-11 09:00:55.066000000,3495.0,3511.0,3492.0,3492.0,113,3495.0,374,69343,2428569430.0,1414145
2020-03-11 09:00:55.567000000,3492.0,3511.0,3492.0,3491.0,166,3492.0,132,69984,2450959060.0,1414034
2020-03-11 09:00:56.071000000,3492.0,3511.0,3491.0,3492.0,11,3493.0,1,70798,2479383910.0,1413782
2020-03-11 09:00:56.568000000,3493.0,3511.0,3491.0,3493.0,8,3494.0,18,71343,2498421230.0,1413812
2020-03-11 09:00:57.070000000,3494.0,3511.0,3491.0,3494.0,16,3495.0,564,71475,2503032550.0,1413745
2020-03-11 09:00:57.569000000,3494.0,3511.0,3491.0,3494.0,129,3495.0,322,71780,2513691930.0,1413727
2020-03-11 09:00:58.057000000,3495.0,3511.0,3491.0,3495.0,181,3497.0,135,72534,2540048630.0,1413353
2020-03-11 09:00:58.570000000,3496.0,3511.0,3491.0,3496.0,136,3498.0,244,72768,2548230910.0,1413333
2020-03-11 09:00:59.069000000,3496.0,3511.0,3491.0,3496.0,306,3497.0,8,72904,2552986340.0,1413377
2020-03-11 09:00:59.571000000,3497.0,3511.0,3491.0,3497.0,84,3498.0,247,72965,2555119590.0,1413390
2020-03-11 09:01:00.059000000,3497.0,3511.0,3491.0,3496.0,186,3497.0,9,73147,2561484040.0,1413387
2020-03-11 09:01:00.565000000,3497.0,3511.0,3491.0,3497.0,8,3498.0,269,73505,2574002760.0,1413336
2020-03-11 09:01:01.070000000,3497.0,3511.0,3491.0,3497.0,209,3498.0,289,73713,2581276690.0,1413371
2020-03-11 09:01:01.565000000,3498.0,3511.0,3491.0,3498.0,553,3499.0,462,74177,2597505550.0,1413646
2020-03-11 09:01:02.060000000,3498.0,3511.0,3491.0,3498.0,464,3500.0,837,74807,2619547800.0,1414011
2020-03-11 09:01:02.566000000,3500.0,3511.0,3491.0,3499.0,15,3500.0,766,75129,2630813430.0,1414067
2020-03-11 09:01:03.071000000,3499.0,3511.0,3491.0,3499.0,45,3500.0,767,75213,2633752780.0,1414035
2020-03-11 09:01:03.566000000,3500.0,3511.0,3491.0,3500.0,5,3501.0,358,76090,2664447200.0,1414073
2020-03-11 09:01:04.070000000,3501.0,3511.0,3491.0,3500.0,428,3501.0,119,76395,2675124700.0,1414170
2020-03-11 09:01:04.570000000,3501.0,3511.0,3491.0,3501.0,28,3502.0,669,76588,2681881650.0,1414159
2020-03-11 09:01:05.070000000,3501.0,3511.0,3491.0,3500.0,506,3501.0,1,76962,2694974830.0,1414335
2020-03-11 09:01:05.569000000,3501.0,3511.0,3491.0,3501.0,20,3502.0,541,77206,2703517380.0,1414269
2020-03-11 09:01:06.069000000,3500.0,3511.0,3491.0,3500.0,180,3501.0,35,77713,2721264270.0,1414054
2020-03-11 09:01:06.570000000,3500.0,3511.0,3491.0,3499.0,281,3500.0,60,78265,2740586210.0,1414013
2020-03-11 09:01:07.062000000,3500.0,3511.0,3491.0,3499.0,377,3500.0,156,78449,2747026060.0,1414005
2020-03-11 09:01:07.569000000,3499.0,3511.0,3491.0,3498.0,744,3499.0,21,78893,2762562170.0,1413719
2020-03-11 09:01:08.069000000,3499.0,3511.0,3491.0,3498.0,666,3499.0,240,79001,2766340530.0,1413747
2020-03-11 09:01:08.570000000,3498.0,3511.0,3491.0,3498.0,679,3499.0,382,79090,2769453960.0,1413796
2020-03-11 09:01:09.070000000,3499.0,3511.0,3491.0,3498.0,623,3499.0,346,79194,2773092350.0,1413832
2020-03-11 09:01:09.569000000,3499.0,3511.0,3491.0,3498.0,602,3499.0,339,79235,2774526730.0,1413861
2020-03-11 09:01:10.070000000,3499.0,3511.0,3491.0,3498.0,531,3499.0,302,79405,2780474240.0,1413997
2020-03-11 09:01:10.570000000,3498.0,3511.0,3491.0,3498.0,530,3499.0,73,79659,2789361460.0,1414157
2020-03-11 09:01:11.069000000,3499.0,3511.0,3491.0,3498.0,536,3499.0,13,79815,2794819270.0,1414109
2020-03-11 09:01:11.568000000,3498.0,3511.0,3491.0,3498.0,561,3499.0,7,79895,2797618330.0,1414145
2020-03-11 09:01:12.064000000,3499.0,3511.0,3491.0,3499.0,75,3500.0,282,79950,2799542790.0,1414148
2020-03-11 09:01:12.567000000,3499.0,3511.0,3491.0,3499.0,28,3500.0,355,80074,2803881350.0,1414252
2020-03-11 09:01:13.068000000,3499.0,3511.0,3491.0,3499.0,42,3500.0,317,80185,2807765710.0,1414247
2020-03-11 09:01:13.525000000,3500.0,3511.0,3491.0,3499.0,132,3500.0,296,80214,2808780620.0,1414253
2020-03-11 09:01:14.069000000,3499.0,3511.0,3491.0,3499.0,323,3500.0,176,80284,2811230510.0,1414278
2020-03-11 09:01:14.570000000,3500.0,3511.0,3491.0,3500.0,726,3501.0,468,80435,2816515530.0,1414365
2020-03-11 09:01:15.066000000,3501.0,3511.0,3491.0,3501.0,37,3502.0,677,80890,2832445080.0,1414568
2020-03-11 09:01:15.570000000,3501.0,3511.0,3491.0,3501.0,46,3502.0,633,81228,2844281000.0,1414445
2020-03-11 09:01:16.066000000,3502.0,3511.0,3491.0,3501.0,130,3502.0,480,81599,2857272060.0,1414167
2020-03-11 09:01:16.568000000,3501.0,3511.0,3491.0,3501.0,107,3502.0,501,81634,2858497520.0,1414147
2020-03-11 09:01:17.065000000,3501.0,3511.0,3491.0,3500.0,205,3501.0,127,81874,2866898920.0,1414196
2020-03-11 09:01:17.557000000,3500.0,3511.0,3491.0,3500.0,142,3501.0,174,82036,2872570120.0,1414235
2020-03-11 09:01:18.063000000,3500.0,3511.0,3491.0,3499.0,397,3500.0,53,82247,2879955560.0,1414370
2020-03-11 09:01:18.570000000,3500.0,3511.0,3491.0,3499.0,285,3500.0,127,82415,2885834750.0,1414431
2020-03-11 09:01:19.061000000,3500.0,3511.0,3491.0,3499.0,412,3500.0,184,82454,2887199470.0,1414457
2020-03-11 09:01:19.566000000,3500.0,3511.0,3491.0,3499.0,433,3500.0,189,82473,2887864390.0,1414472
2020-03-11 09:01:20.069000000,3499.0,3511.0,3491.0,3498.0,600,3499.0,219,82947,2904449670.0,1414420
2020-03-11 09:01:20.562000000,3499.0,3511.0,3491.0,3498.0,584,3499.0,322,83001,2906338870.0,1414436
2020-03-11 09:01:21.067000000,3498.0,3511.0,3491.0,3497.0,419,3498.0,46,83605,2927467180.0,1414889
2020-03-11 09:01:21.570000000,3498.0,3511.0,3491.0,3497.0,379,3498.0,28,84130,2945834150.0,1415269
2020-03-11 09:01:22.065000000,3499.0,3511.0,3491.0,3498.0,65,3499.0,260,84279,2951046280.0,1415203
2020-03-11 09:01:22.568000000,3498.0,3511.0,3491.0,3497.0,414,3498.0,212,84425,2956153570.0,1415295
2020-03-11 09:01:23.071000000,3497.0,3511.0,3491.0,3497.0,467,3498.0,199,84476,2957937520.0,1415309
2020-03-11 09:01:23.570000000,3498.0,3511.0,3491.0,3497.0,478,3499.0,366,84670,2964723690.0,1415209
2020-03-11 09:01:24.070000000,3498.0,3511.0,3491.0,3498.0,58,3499.0,360,84758,2967802040.0,1415250
2020-03-11 09:01:24.569000000,3498.0,3511.0,3491.0,3498.0,246,3499.0,353,84799,2969236250.0,1415230
2020-03-11 09:01:25.065000000,3499.0,3511.0,3491.0,3498.0,147,3499.0,18,85308,2987044700.0,1415388
2020-03-11 09:01:25.567000000,3499.0,3511.0,3491.0,3499.0,80,3500.0,1053,85355,2988689250.0,1415351
2020-03-11 09:01:26.068000000,3500.0,3511.0,3491.0,3499.0,643,3500.0,1061,85411,2990648750.0,1415328
2020-03-11 09:01:26.563000000,3500.0,3511.0,3491.0,3500.0,54,3501.0,684,86429,3026278730.0,1415363
2020-03-11 09:01:27.069000000,3500.0,3511.0,3491.0,3500.0,474,3501.0,640,86465,3027538740.0,1415377
2020-03-11 09:01:27.569000000,3500.0,3511.0,3491.0,3500.0,475,3501.0,108,87092,3049489290.0,1415743
2020-03-11 09:01:28.068000000,3501.0,3511.0,3491.0,3501.0,237,3502.0,432,87380,3059572240.0,1415653
2020-03-11 09:01:28.568000000,3502.0,3511.0,3491.0,3501.0,330,3502.0,390,87457,3062268160.0,1415629
2020-03-11 09:01:29.069000000,3501.0,3511.0,3491.0,3501.0,329,3502.0,400,87539,3065139290.0,1415631
2020-03-11 09:01:29.566000000,3502.0,3511.0,3491.0,3501.0,273,3502.0,431,87695,3070601150.0,1415643
2020-03-11 09:01:30.067000000,3501.0,3511.0,3491.0,3501.0,297,3502.0,436,87759,3072842200.0,1415655
2020-03-11 09:01:30.567000000,3501.0,3511.0,3491.0,3500.0,469,3501.0,19,88243,3089787800.0,1415421
2020-03-11 09:01:31.068000000,3501.0,3511.0,3491.0,3501.0,514,3502.0,406,88406,3095494440.0,1415486
2020-03-11 09:01:31.571000000,3501.0,3511.0,3491.0,3501.0,419,3502.0,368,88536,3100045970.0,1415466
2020-03-11 09:01:32.059000000,3502.0,3511.0,3491.0,3501.0,270,3502.0,389,88719,3106453070.0,1415440
2020-03-11 09:01:32.557000000,3501.0,3511.0,3491.0,3500.0,401,3501.0,46,89091,3119476770.0,1415117
2020-03-11 09:01:33.068000000,3501.0,3511.0,3491.0,3500.0,353,3501.0,262,89162,3121962460.0,1415083
2020-03-11 09:01:33.570000000,3500.0,3511.0,3491.0,3500.0,292,3501.0,303,89191,3122977730.0,1415085
2020-03-11 09:01:34.069000000,3500.0,3511.0,3491.0,3500.0,184,3501.0,328,89314,3127282880.0,1415079
2020-03-11 09:01:34.568000000,3501.0,3511.0,3491.0,3500.0,159,3501.0,352,89366,3129103060.0,1415092
2020-03-11 09:01:35.067000000,3500.0,3511.0,3491.0,3499.0,204,3500.0,41,89547,3135438210.0,1415127
2020-03-11 09:01:35.570000000,3500.0,3511.0,3491.0,3499.0,193,3500.0,98,90135,3156022900.0,1415348
2020-03-11 09:01:36.062000000,3501.0,3511.0,3491.0,3501.0,48,3502.0,409,90313,3162253510.0,1415425
2020-03-11 09:01:36.568000000,3500.0,3511.0,3491.0,3500.0,282,3501.0,7,90418,3165929490.0,1415377
2020-03-11 09:01:37.067000000,3500.0,3511.0,3491.0,3500.0,312,3501.0,1,90642,3173771460.0,1415488
2020-03-11 09:01:37.567000000,3500.0,3511.0,3491.0,3500.0,326,3502.0,473,90676,3174961610.0,1415473
2020-03-11 09:01:38.067000000,3502.0,3511.0,3491.0,3501.0,5,3502.0,470,90711,3176187110.0,1415472
2020-03-11 09:01:38.566000000,3501.0,3511.0,3491.0,3501.0,23,3502.0,472,90788,3178882890.0,1415430
2020-03-11 09:01:39.067000000,3501.0,3511.0,3491.0,3501.0,35,3502.0,459,90966,3185113680.0,1415506
2020-03-11 09:01:39.569000000,3501.0,3511.0,3491.0,3500.0,283,3501.0,308,91038,3187634370.0,1415477
2020-03-11 09:01:40.070000000,3500.0,3511.0,3491.0,3500.0,198,3501.0,411,91142,3191274980.0,1415510
2020-03-11 09:01:40.568000000,3500.0,3511.0,3491.0,3499.0,250,3500.0,39,91485,3203279980.0,1415594
2020-03-11 09:01:41.070000000,3500.0,3511.0,3491.0,3499.0,328,3500.0,80,91538,3205134970.0,1415630
2020-03-11 09:01:41.565000000,3500.0,3511.0,3491.0,3500.0,447,3501.0,523,91637,3208600050.0,1415595
2020-03-11 09:01:42.069000000,3501.0,3511.0,3491.0,3499.0,345,3501.0,363,92320,3232506530.0,1415341
2020-03-11 09:01:42.565000000,3501.0,3511.0,3491.0,3500.0,45,3501.0,360,92359,3233871730.0,1415334
2020-03-11 09:01:43.071000000,3500.0,3511.0,3491.0,3500.0,363,3501.0,360,92460,3237406770.0,1415364
2020-03-11 09:01:43.569000000,3501.0,3511.0,3491.0,3500.0,318,3501.0,350,92576,3241466810.0,1415269
2020-03-11 09:01:44.070000000,3501.0,3511.0,3491.0,3501.0,127,3502.0,762,92974,3255400780.0,1415394
2020-03-11 09:01:44.539000000,3501.0,3511.0,3491.0,3501.0,50,3502.0,769,93052,3258131560.0,1415410
2020-03-11 09:01:45.062000000,3500.0,3511.0,3491.0,3500.0,321,3501.0,3,93137,3261107140.0,1415395
2020-03-11 09:01:45.571000000,3500.0,3511.0,3491.0,3499.0,367,3500.0,150,94020,3292020710.0,1415333
2020-03-11 09:01:46.071000000,3500.0,3511.0,3491.0,3500.0,255,3501.0,10,94245,3299896310.0,1415228
2020-03-11 09:01:46.571000000,3501.0,3511.0,3491.0,3500.0,288,3501.0,44,94341,3303256690.0,1415230
2020-03-11 09:01:47.061000000,3500.0,3511.0,3491.0,3500.0,274,3501.0,66,94387,3304866980.0,1415227
2020-03-11 09:01:47.571000000,3500.0,3511.0,3491.0,3500.0,285,3501.0,100,94422,3306092220.0,1415243
2020-03-11 09:01:48.067000000,3499.0,3511.0,3491.0,3499.0,426,3500.0,90,94736,3317082090.0,1415043
2020-03-11 09:01:48.565000000,3500.0,3511.0,3491.0,3499.0,417,3500.0,83,94835,3320547070.0,1415073
2020-03-11 09:01:49.071000000,3499.0,3511.0,3491.0,3499.0,420,3500.0,90,94857,3321317010.0,1415080
2020-03-11 09:01:49.568000000,3500.0,3511.0,3491.0,3499.0,361,3500.0,200,94912,3323241490.0,1415094
2020-03-11 09:01:50.071000000,3499.0,3511.0,3491.0,3499.0,322,3500.0,256,94936,3324081390.0,1415094
2020-03-11 09:01:50.550000000,3499.0,3511.0,3491.0,3498.0,955,3499.0,16,95751,3352603270.0,1414771
2020-03-11 09:01:51.070000000,3500.0,3511.0,3491.0,3499.0,28,3500.0,91,95845,3355892690.0,1414719
2020-03-11 09:01:51.548000000,3500.0,3511.0,3491.0,3499.0,132,3500.0,128,95885,3357292660.0,1414686
2020-03-11 09:01:52.066000000,3499.0,3511.0,3491.0,3499.0,223,3500.0,94,95916,3358377570.0,1414684
2020-03-11 09:01:52.570000000,3500.0,3511.0,3491.0,3499.0,208,3500.0,161,95945,3359392330.0,1414667
2020-03-11 09:01:53.069000000,3500.0,3511.0,3491.0,3500.0,28,3501.0,351,96254,3370207070.0,1414459
2020-03-11 09:01:53.571000000,3500.0,3511.0,3491.0,3499.0,192,3500.0,272,96490,3378466920.0,1414271
2020-03-11 09:01:54.068000000,3500.0,3511.0,3491.0,3499.0,141,3500.0,287,96617,3382910840.0,1414288
2020-03-11 09:01:54.551000000,3500.0,3511.0,3491.0,3498.0,1090,3500.0,237,96866,3391624480.0,1414256
2020-03-11 09:01:55.070000000,3501.0,3511.0,3491.0,3500.0,230,3501.0,411,97395,3410135760.0,1414213
2020-03-11 09:01:55.566000000,3500.0,3511.0,3491.0,3499.0,76,3500.0,31,97700,3420810750.0,1414077
2020-03-11 09:01:56.069000000,3499.0,3511.0,3491.0,3499.0,140,3500.0,202,97737,3422105530.0,1414079
2020-03-11 09:01:56.569000000,3499.0,3511.0,3491.0,3499.0,89,3500.0,248,97769,3423225250.0,1414066
2020-03-11 09:01:57.070000000,3499.0,3511.0,3491.0,3498.0,970,3499.0,21,97838,3425639560.0,1414103
2020-03-11 09:01:57.569000000,3500.0,3511.0,3491.0,3499.0,13,3500.0,144,98050,3433059190.0,1414200
2020-03-11 09:01:58.071000000,3500.0,3511.0,3491.0,3500.0,337,3501.0,691,98264,3440549060.0,1414256
2020-03-11 09:01:58.563000000,3500.0,3511.0,3491.0,3499.0,125,3501.0,690,98619,3452974050.0,1414589
2020-03-11 09:01:59.071000000,3500.0,3511.0,3491.0,3499.0,134,3500.0,168,98637,3453604010.0,1414595
2020-03-11 09:01:59.571000000,3500.0,3511.0,3491.0,3499.0,116,3500.0,210,98668,3454688870.0,1414616
2020-03-11 09:02:00.065000000,3499.0,3511.0,3491.0,3498.0,996,3499.0,48,98860,3461407520.0,1414733
2020-03-11 09:02:00.570000000,3500.0,3511.0,3491.0,3499.0,195,3500.0,184,99001,3466341170.0,1414766
2020-03-11 09:02:01.070000000,3500.0,3511.0,3491.0,3499.0,253,3500.0,131,99140,3471206000.0,1414771
2020-03-11 09:02:01.570000000,3499.0,3511.0,3491.0,3498.0,1017,3499.0,2,99443,3481807970.0,1414998
2020-03-11 09:02:02.062000000,3498.0,3511.0,3491.0,3498.0,1012,3500.0,152,99491,3483487480.0,1414992
2020-03-11 09:02:02.566000000,3499.0,3511.0,3491.0,3498.0,1015,3499.0,51,99571,3486286900.0,1414979
2020-03-11 09:02:03.071001000,3499.0,3511.0,3491.0,3498.0,964,3499.0,284,99611,3487686250.0,1414972
2020-03-11 09:02:03.556000000,3498.0,3511.0,3491.0,3497.0,567,3498.0,99,100609,3522596810.0,1414415
2020-03-11 09:02:04.068000000,3498.0,3511.0,3491.0,3497.0,501,3498.0,544,100652,3524100740.0,1414417
2020-03-11 09:02:04.570000000,3498.0,3511.0,3491.0,3497.0,356,3498.0,404,100960,3534873380.0,1414488
2020-03-11 09:02:05.070000000,3497.0,3511.0,3491.0,3497.0,311,3498.0,265,101223,3544072580.0,1414499
2020-03-11 09:02:05.554000000,3498.0,3511.0,3491.0,3497.0,335,3498.0,128,101417,3550858350.0,1414443
2020-03-11 09:02:06.071000000,3497.0,3511.0,3491.0,3497.0,331,3498.0,56,101514,3554251190.0,1414459
2020-03-11 09:02:06.570000000,3497.0,3511.0,3491.0,3497.0,486,3498.0,63,101569,3556174570.0,1414435
2020-03-11 09:02:07.055000000,3498.0,3511.0,3491.0,3498.0,29,3499.0,409,102188,3577822760.0,1414617
2020-03-11 09:02:07.560000000,3498.0,3511.0,3491.0,3497.0,111,3498.0,79,102310,3582090220.0,1414610
2020-03-11 09:02:08.064000000,3498.0,3511.0,3491.0,3497.0,191,3498.0,190,102378,3584468720.0,1414647
2020-03-11 09:02:08.568000000,3498.0,3511.0,3491.0,3497.0,193,3498.0,308,102386,3584748550.0,1414650
2020-03-11 09:02:09.041000000,3497.0,3511.0,3491.0,3497.0,83,3498.0,221,102581,3591568800.0,1414663
2020-03-11 09:02:09.570000000,3497.0,3511.0,3491.0,3496.0,585,3497.0,1,102702,3595800270.0,1414669
2020-03-11 09:02:10.067000000,3496.0,3511.0,3491.0,3496.0,604,3498.0,332,102821,3599961320.0,1414638
2020-03-11 09:02:10.570000000,3497.0,3511.0,3491.0,3496.0,539,3497.0,26,102992,3605941650.0,1414661
2020-03-11 09:02:11.067000000,3497.0,3511.0,3491.0,3496.0,556,3497.0,30,103044,3607760000.0,1414686
2020-03-11 09:02:11.567000000,3497.0,3511.0,3491.0,3496.0,561,3497.0,32,103053,3608074720.0,1414689
2020-03-11 09:02:12.062000000,3497.0,3511.0,3491.0,3496.0,569,3497.0,178,103066,3608529310.0,1414694
2020-03-11 09:02:12.570000000,3496.0,3511.0,3491.0,3496.0,533,3497.0,183,103096,3609578330.0,1414708
2020-03-11 09:02:13.071000000,3496.0,3511.0,3491.0,3496.0,584,3497.0,187,103116,3610277530.0,1414715
2020-03-11 09:02:13.572000000,3497.0,3511.0,3491.0,3497.0,14,3498.0,99,103431,3621294070.0,1414578
2020-03-11 09:02:14.070000000,3497.0,3511.0,3491.0,3497.0,26,3498.0,190,103559,3625770240.0,1414603
2020-03-11 09:02:14.560000000,3497.0,3511.0,3491.0,3497.0,39,3498.0,210,103573,3626259870.0,1414600
2020-03-11 09:02:15.065000000,3497.0,3511.0,3491.0,3497.0,50,3498.0,213,103591,3626889330.0,1414612
2020-03-11 09:02:15.565000000,3498.0,3511.0,3491.0,3496.0,715,3498.0,219,103690,3630351370.0,1414679
2020-03-11 09:02:16.071000000,3497.0,3511.0,3491.0,3497.0,319,3498.0,189,103774,3633289530.0,1414698
2020-03-11 09:02:16.570000000,3497.0,3511.0,3491.0,3497.0,355,3498.0,156,103801,3634233740.0,1414711
2020-03-11 09:02:17.070000000,3497.0,3511.0,3491.0,3497.0,240,3498.0,194,103933,3638849810.0,1414605
2020-03-11 09:02:17.566000000,3497.0,3511.0,3491.0,3497.0,8,3498.0,231,104146,3646298440.0,1414603
2020-03-11 09:02:18.067000000,3498.0,3511.0,3491.0,3497.0,3,3498.0,247,104168,3647067850.0,1414596
2020-03-11 09:02:18.569000000,3496.0,3511.0,3491.0,3496.0,722,3497.0,15,104282,3651055520.0,1414616
2020-03-11 09:02:19.067000000,3498.0,3511.0,3491.0,3497.0,141,3498.0,490,104390,3654832490.0,1414560
2020-03-11 09:02:19.561000000,3497.0,3511.0,3491.0,3497.0,135,3498.0,487,104412,3655601870.0,1414547
2020-03-11 09:02:20.069000000,3497.0,3511.0,3491.0,3497.0,256,3498.0,490,104446,3656790850.0,1414537
2020-03-11 09:02:20.560000000,3497.0,3511.0,3491.0,3497.0,196,3498.0,484,104563,3660882410.0,1414619
2020-03-11 09:02:21.065000000,3497.0,3511.0,3491.0,3497.0,114,3498.0,450,104712,3666093320.0,1414647
2020-03-11 09:02:21.568000000,3497.0,3511.0,3491.0,3496.0,757,3497.0,7,104853,3671024120.0,1414622
2020-03-11 09:02:22.067000000,3497.0,3511.0,3491.0,3496.0,673,3498.0,633,105219,3683822300.0,1414465
2020-03-11 09:02:22.570000000,3497.0,3511.0,3491.0,3496.0,674,3497.0,48,105239,3684521680.0,1414450
2020-03-11 09:02:23.071000000,3497.0,3511.0,3491.0,3497.0,145,3498.0,663,105444,3691691580.0,1414411
2020-03-11 09:02:23.569000000,3497.0,3511.0,3491.0,3497.0,160,3498.0,673,106066,3713438400.0,1414560
2020-03-11 09:02:24.066000000,3496.0,3511.0,3491.0,3496.0,271,3497.0,3,106267,3720467360.0,1414481
2020-03-11 09:02:24.563000000,3497.0,3511.0,3491.0,3497.0,296,3498.0,760,106391,3724803770.0,1414519
2020-03-11 09:02:25.071000000,3498.0,3511.0,3491.0,3497.0,212,3498.0,792,106408,3725398390.0,1414513
2020-03-11 09:02:25.566000000,3497.0,3511.0,3491.0,3497.0,169,3498.0,793,106463,3727321800.0,1414513
2020-03-11 09:02:26.070000000,3497.0,3511.0,3491.0,3497.0,105,3498.0,767,106556,3730574280.0,1414540
2020-03-11 09:02:26.558000000,3497.0,3511.0,3491.0,3497.0,60,3498.0,764,106619,3732777500.0,1414551
2020-03-11 09:02:27.071000000,3497.0,3511.0,3491.0,3497.0,60,3498.0,772,106627,3733057280.0,1414556
2020-03-11 09:02:27.571000000,3497.0,3511.0,3491.0,3497.0,45,3498.0,779,106722,3736379420.0,1414519
2020-03-11 09:02:28.069000000,3497.0,3511.0,3491.0,3497.0,41,3498.0,769,106737,3736904060.0,1414519
2020-03-11 09:02:28.569000000,3498.0,3511.0,3491.0,3497.0,184,3498.0,774,106759,3737673410.0,1414538
2020-03-11 09:02:29.067000000,3498.0,3511.0,3491.0,3497.0,187,3498.0,778,106793,3738862500.0,1414535
2020-03-11 09:02:29.571000000,3497.0,3511.0,3491.0,3497.0,164,3498.0,787,106827,3740051480.0,1414510
2020-03-11 09:02:30.057000000,3497.0,3511.0,3491.0,3497.0,186,3498.0,822,106867,3741450350.0,1414499
2020-03-11 09:02:30.563000000,3498.0,3511.0,3491.0,3497.0,207,3498.0,780,106964,3744843020.0,1414488
2020-03-11 09:02:31.059000000,3497.0,3511.0,3491.0,3497.0,242,3498.0,773,107006,3746311970.0,1414487
2020-03-11 09:02:31.567000000,3498.0,3511.0,3491.0,3497.0,116,3498.0,762,107066,3748410410.0,1414481
2020-03-11 09:02:32.067000000,3497.0,3511.0,3491.0,3497.0,33,3498.0,753,107167,3751942500.0,1414540
2020-03-11 09:02:32.566000000,3497.0,3511.0,3491.0,3497.0,11,3498.0,735,107214,3753586340.0,1414548
2020-03-11 09:02:33.061000000,3498.0,3511.0,3491.0,3497.0,208,3498.0,744,107223,3753901090.0,1414552
2020-03-11 09:02:33.571000000,3497.0,3511.0,3491.0,3497.0,195,3498.0,742,107250,3754845310.0,1414572
2020-03-11 09:02:34.060000000,3497.0,3511.0,3491.0,3497.0,197,3498.0,751,107268,3755474880.0,1414579
2020-03-11 09:02:34.567000000,3498.0,3511.0,3491.0,3497.0,195,3498.0,750,107293,3756349220.0,1414577
2020-03-11 09:02:35.071000000,3497.0,3511.0,3491.0,3497.0,150,3498.0,708,107343,3758097740.0,1414582
2020-03-11 09:02:35.567000000,3498.0,3511.0,3491.0,3497.0,127,3498.0,706,107375,3759216800.0,1414609
2020-03-11 09:02:36.071000000,3497.0,3511.0,3491.0,3496.0,436,3497.0,21,107500,3763588290.0,1414619
2020-03-11 09:02:36.571000000,3497.0,3511.0,3491.0,3496.0,350,3497.0,310,107626,3767993680.0,1414643
2020-03-11 09:02:37.070000000,3496.0,3511.0,3491.0,3496.0,301,3497.0,368,107643,3768588050.0,1414647
2020-03-11 09:02:37.570000000,3497.0,3511.0,3491.0,3496.0,19,3497.0,389,108047,3782712910.0,1414808
2020-03-11 09:02:38.072000000,3496.0,3511.0,3491.0,3495.0,1117,3496.0,34,108102,3784635470.0,1414806
2020-03-11 09:02:38.572000000,3497.0,3511.0,3491.0,3495.0,1074,3496.0,50,108289,3791172190.0,1414702
2020-03-11 09:02:39.070000000,3495.0,3511.0,3491.0,3495.0,748,3497.0,462,108788,3808613990.0,1414532
2020-03-11 09:02:39.567000000,3495.0,3511.0,3491.0,3495.0,628,3496.0,18,108947,3814171590.0,1414447
2020-03-11 09:02:40.070000000,3495.0,3511.0,3491.0,3494.0,277,3495.0,224,109791,3843667420.0,1413973
2020-03-11 09:02:40.571000000,3494.0,3511.0,3491.0,3494.0,281,3495.0,284,109827,3844925410.0,1413953
2020-03-11 09:02:41.072000000,3495.0,3511.0,3491.0,3494.0,19,3495.0,206,110196,3857819320.0,1413701
2020-03-11 09:02:41.571000000,3494.0,3511.0,3491.0,3494.0,3,3495.0,283,110250,3859706080.0,1413660
2020-03-11 09:02:42.068000000,3494.0,3511.0,3491.0,3494.0,33,3495.0,279,110315,3861977280.0,1413662
2020-03-11 09:02:42.570000000,3494.0,3511.0,3491.0,3494.0,49,3495.0,22,110709,3875746760.0,1413781
2020-03-11 09:02:43.071000000,3494.0,3511.0,3491.0,3495.0,7,3496.0,147,111074,3888501850.0,1413924
2020-03-11 09:02:43.565000000,3494.0,3511.0,3491.0,3493.0,815,3495.0,118,111366,3898707150.0,1413971
2020-03-11 09:02:44.072000000,3494.0,3511.0,3491.0,3493.0,770,3494.0,11,111498,3903318860.0,1413918
2020-03-11 09:02:44.572000000,3494.0,3511.0,3491.0,3494.0,86,3495.0,211,111554,3905275620.0,1413892
2020-03-11 09:02:45.072000000,3495.0,3511.0,3491.0,3494.0,172,3495.0,235,111582,3906254120.0,1413893
2020-03-11 09:02:45.559000000,3494.0,3511.0,3491.0,3494.0,93,3495.0,237,111710,3910726540.0,1413886
2020-03-11 09:02:46.067000000,3494.0,3511.0,3491.0,3494.0,119,3495.0,216,111786,3913382630.0,1413863
2020-03-11 09:02:46.569000000,3494.0,3511.0,3491.0,3494.0,59,3495.0,208,111871,3916352570.0,1413883
2020-03-11 09:02:47.067000000,3495.0,3511.0,3491.0,3495.0,54,3496.0,192,112157,3926348020.0,1413742
2020-03-11 09:02:47.564000000,3495.0,3511.0,3491.0,3495.0,31,3496.0,248,112192,3927571270.0,1413727
2020-03-11 09:02:48.070000000,3495.0,3511.0,3491.0,3494.0,18,3495.0,25,112438,3936166930.0,1413626
2020-03-11 09:02:48.572000000,3495.0,3511.0,3491.0,3494.0,151,3495.0,175,112515,3938858040.0,1413638
2020-03-11 09:02:49.063000000,3494.0,3511.0,3491.0,3494.0,89,3495.0,289,112606,3942037800.0,1413646
2020-03-11 09:02:49.568000000,3494.0,3511.0,3491.0,3494.0,71,3495.0,375,112623,3942631810.0,1413652
2020-03-11 09:02:50.065000000,3494.0,3511.0,3491.0,3493.0,779,3494.0,60,112702,3945392190.0,1413662
2020-03-11 09:02:50.555000000,3494.0,3511.0,3491.0,3493.0,764,3494.0,89,112729,3946335450.0,1413655
2020-03-11 09:02:51.070000000,3493.0,3511.0,3491.0,3493.0,708,3494.0,56,112851,3950597610.0,1413682
2020-03-11 09:02:51.568000000,3494.0,3511.0,3491.0,3494.0,33,3495.0,409,113064,3958039550.0,1413539
2020-03-11 09:02:52.068000000,3494.0,3511.0,3491.0,3494.0,30,3495.0,499,113099,3959262490.0,1413550
2020-03-11 09:02:52.549000000,3494.0,3511.0,3491.0,3494.0,299,3495.0,526,113185,3962267200.0,1413603
2020-03-11 09:02:53.071000000,3494.0,3511.0,3491.0,3494.0,123,3495.0,491,113418,3970408330.0,1413821
2020-03-11 09:02:53.565000000,3494.0,3511.0,3491.0,3494.0,68,3495.0,526,113445,3971351710.0,1413832
2020-03-11 09:02:54.068000000,3494.0,3511.0,3491.0,3493.0,689,3494.0,21,113536,3974531330.0,1413878
2020-03-11 09:02:54.565000000,3494.0,3511.0,3491.0,3494.0,41,3495.0,558,113615,3977291490.0,1413919
2020-03-11 09:02:55.070000000,3495.0,3511.0,3491.0,3494.0,2,3495.0,556,113679,3979527530.0,1413954
2020-03-11 09:02:55.567000000,3493.0,3511.0,3491.0,3493.0,615,3494.0,87,113762,3982427050.0,1413949
2020-03-11 09:02:56.070000000,3494.0,3511.0,3491.0,3493.0,590,3494.0,86,113836,3985012350.0,1413979
2020-03-11 09:02:56.571000000,3494.0,3511.0,3491.0,3493.0,574,3494.0,85,113861,3985885670.0,1413996
2020-03-11 09:02:57.068000000,3493.0,3511.0,3491.0,3493.0,570,3494.0,33,114011,3991126550.0,1414003
2020-03-11 09:02:57.559000000,3493.0,3511.0,3491.0,3493.0,572,3494.0,39,114042,3992209550.0,1414010
2020-03-11 09:02:58.069000000,3493.0,3511.0,3491.0,3494.0,67,3495.0,730,114205,3997904580.0,1414095
2020-03-11 09:02:58.570000000,3494.0,3511.0,3491.0,3494.0,104,3495.0,732,114307,4001467970.0,1414022
2020-03-11 09:02:59.070000000,3494.0,3511.0,3491.0,3494.0,153,3495.0,776,114342,4002690870.0,1414008
2020-03-11 09:02:59.564000000,3495.0,3511.0,3491.0,3494.0,54,3495.0,740,114509,4008525900.0,1414064
2020-03-11 09:03:00.060000000,3494.0,3511.0,3491.0,3494.0,97,3495.0,734,114556,4010168260.0,1414106
2020-03-11 09:03:00.559000000,3494.0,3511.0,3491.0,3494.0,22,3495.0,713,114942,4023655460.0,1414239
2020-03-11 09:03:01.061000000,3494.0,3511.0,3491.0,3493.0,567,3494.0,35,115643,4048154540.0,1413839
2020-03-11 09:03:01.565000000,3494.0,3511.0,3491.0,3494.0,542,3495.0,6,115901,4057170650.0,1413891
2020-03-11 09:03:02.064000000,3495.0,3511.0,3491.0,3495.0,34,3496.0,296,116195,4067446000.0,1414005
2020-03-11 09:03:02.561000000,3495.0,3511.0,3491.0,3495.0,68,3496.0,324,116215,4068145050.0,1414008
2020-03-11 09:03:03.062000000,3494.0,3511.0,3491.0,3494.0,375,3495.0,9,116385,4074086540.0,1414042
2020-03-11 09:03:03.571000000,3495.0,3511.0,3491.0,3495.0,7,3496.0,349,116423,4075414630.0,1414037
2020-03-11 09:03:04.068000000,3495.0,3511.0,3491.0,3495.0,23,3496.0,357,116451,4076393300.0,1414025
2020-03-11 09:03:04.563000000,3495.0,3511.0,3491.0,3494.0,352,3495.0,42,116520,4078804810.0,1414018
2020-03-11 09:03:05.069000000,3494.0,3511.0,3491.0,3494.0,340,3495.0,87,116576,4080761870.0,1414020
2020-03-11 09:03:05.569000000,3494.0,3511.0,3491.0,3494.0,195,3495.0,220,116755,4087016490.0,1414110
2020-03-11 09:03:06.072000000,3495.0,3511.0,3491.0,3494.0,142,3495.0,283,116777,4087785260.0,1414101
2020-03-11 09:03:06.570000000,3494.0,3511.0,3491.0,3494.0,160,3495.0,275,116807,4088833570.0,1414100
2020-03-11 09:03:07.072000000,3494.0,3511.0,3491.0,3493.0,667,3494.0,162,117037,4096870200.0,1414012
2020-03-11 09:03:07.569000000,3494.0,3511.0,3491.0,3493.0,660,3494.0,152,117079,4098337660.0,1414013
2020-03-11 09:03:08.071000000,3494.0,3511.0,3491.0,3493.0,668,3494.0,160,117090,4098721980.0,1414018
2020-03-11 09:03:08.571000000,3494.0,3511.0,3491.0,3493.0,669,3494.0,160,117102,4099141200.0,1414022
2020-03-11 09:03:09.068000000,3493.0,3511.0,3491.0,3493.0,753,3494.0,150,117131,4100154270.0,1414031
2020-03-11 09:03:09.567000000,3494.0,3511.0,3491.0,3494.0,30,3495.0,270,117306,4106268650.0,1414028
2020-03-11 09:03:10.071000000,3494.0,3511.0,3491.0,3494.0,135,3495.0,250,117320,4106757820.0,1414034
2020-03-11 09:03:10.561000000,3494.0,3511.0,3491.0,3494.0,96,3495.0,243,117408,4109832540.0,1414056
2020-03-11 09:03:11.072000000,3494.0,3511.0,3491.0,3494.0,100,3495.0,224,117461,4111684720.0,1414081
2020-03-11 09:03:11.572000000,3494.0,3511.0,3491.0,3494.0,229,3496.0,473,117765,4122309340.0,1413888
2020-03-11 09:03:12.060000000,3494.0,3511.0,3491.0,3494.0,384,3495.0,6,117852,4125349650.0,1413902
2020-03-11 09:03:12.551000000,3494.0,3511.0,3491.0,3494.0,217,3495.0,10,118120,4134714070.0,1414060
2020-03-11 09:03:13.072000000,3494.0,3511.0,3491.0,3494.0,172,3495.0,35,118259,4139571110.0,1414166
2020-03-11 09:03:13.564000000,3494.0,3511.0,3491.0,3494.0,195,3495.0,158,118310,4141353330.0,1414151
2020-03-11 09:03:14.058000000,3495.0,3511.0,3491.0,3495.0,196,3496.0,456,118620,4152187820.0,1414353
2020-03-11 09:03:14.571000000,3496.0,3511.0,3491.0,3495.0,51,3496.0,448,118769,4157395380.0,1414394
2020-03-11 09:03:15.067000000,3495.0,3511.0,3491.0,3494.0,232,3495.0,48,118826,4159387530.0,1414442
2020-03-11 09:03:15.572000000,3495.0,3511.0,3491.0,3495.0,3,3496.0,467,118948,4163651180.0,1414386
2020-03-11 09:03:16.064000000,3495.0,3511.0,3491.0,3495.0,7,3496.0,374,119062,4167636520.0,1414323
2020-03-11 09:03:16.570000000,3495.0,3511.0,3491.0,3495.0,98,3496.0,389,119086,4168475340.0,1414308
2020-03-11 09:03:17.072000000,3495.0,3511.0,3491.0,3495.0,205,3496.0,376,119117,4169558900.0,1414317
2020-03-11 09:03:17.572000000,3495.0,3511.0,3491.0,3495.0,250,3496.0,269,119510,4183295180.0,1414233
2020-03-11 09:03:18.071000000,3495.0,3511.0,3491.0,3495.0,219,3496.0,244,119670,4188887880.0,1414291
2020-03-11 09:03:18.562000000,3495.0,3511.0,3491.0,3495.0,250,3496.0,337,119686,4189447120.0,1414298
2020-03-11 09:03:19.067000000,3496.0,3511.0,3491.0,3495.0,219,3496.0,319,119758,4191963960.0,1414324
2020-03-11 09:03:19.567000000,3496.0,3511.0,3491.0,3495.0,288,3496.0,364,119767,4192278520.0,1414330
2020-03-11 09:03:20.071000000,3495.0,3511.0,3491.0,3495.0,273,3496.0,350,119809,4193746660.0,1414333
2020-03-11 09:03:20.571000000,3495.0,3511.0,3491.0,3495.0,306,3496.0,291,119940,4198326130.0,1414336
2020-03-11 09:03:21.071000000,3495.0,3511.0,3491.0,3495.0,316,3496.0,267,120000,4200423680.0,1414363
2020-03-11 09:03:21.572000000,3496.0,3511.0,3491.0,3495.0,330,3496.0,274,120031,4201507380.0,1414380
2020-03-11 09:03:22.069000000,3496.0,3511.0,3491.0,3495.0,297,3496.0,277,120051,4202206430.0,1414394
2020-03-11 09:03:22.567000000,3496.0,3511.0,3491.0,3495.0,296,3496.0,266,120081,4203255180.0,1414397
2020-03-11 09:03:23.063000000,3495.0,3511.0,3491.0,3495.0,295,3496.0,259,120179,4206680510.0,1414423
2020-03-11 09:03:23.565000000,3495.0,3511.0,3491.0,3495.0,53,3496.0,309,120454,4216291790.0,1414565
2020-03-11 09:03:24.063000000,3495.0,3511.0,3491.0,3494.0,337,3495.0,47,120512,4218318890.0,1414513
2020-03-11 09:03:24.565000000,3494.0,3511.0,3491.0,3494.0,345,3495.0,153,120630,4222443340.0,1414543
2020-03-11 09:03:25.058000000,3494.0,3511.0,3491.0,3494.0,286,3495.0,138,120677,4224085930.0,1414571
2020-03-11 09:03:25.566000000,3494.0,3511.0,3491.0,3494.0,272,3495.0,175,120693,4224645010.0,1414582
2020-03-11 09:03:26.061000000,3495.0,3511.0,3491.0,3494.0,253,3495.0,198,120725,4225763320.0,1414585
2020-03-11 09:03:26.572000000,3494.0,3511.0,3491.0,3494.0,222,3495.0,305,120736,4226147750.0,1414586
2020-03-11 09:03:27.066000000,3495.0,3511.0,3491.0,3494.0,228,3495.0,328,120758,4226916590.0,1414587
2020-03-11 09:03:27.570000000,3495.0,3511.0,3491.0,3494.0,208,3495.0,510,120807,4228628940.0,1414593
2020-03-11 09:03:28.071000000,3494.0,3511.0,3491.0,3494.0,185,3495.0,539,120823,4229188020.0,1414591
2020-03-11 09:03:28.563000000,3494.0,3511.0,3491.0,3493.0,1016,3494.0,92,121050,4237119560.0,1414508
2020-03-11 09:03:29.054000000,3494.0,3511.0,3491.0,3494.0,57,3495.0,25,121725,4260709220.0,1414077
2020-03-11 09:03:29.571000000,3495.0,3511.0,3491.0,3495.0,18,3496.0,596,121809,4263644810.0,1414062
2020-03-11 09:03:30.072000000,3495.0,3511.0,3491.0,3495.0,169,3496.0,574,121826,4264238960.0,1414079
2020-03-11 09:03:30.567000000,3495.0,3511.0,3491.0,3495.0,156,3496.0,584,121840,4264728270.0,1414069
2020-03-11 09:03:31.066000000,3495.0,3511.0,3491.0,3495.0,16,3496.0,548,121891,4266511080.0,1414061
2020-03-11 09:03:31.571000000,3495.0,3511.0,3491.0,3494.0,416,3495.0,8,121911,4267210050.0,1414067
2020-03-11 09:03:32.067000000,3495.0,3511.0,3491.0,3495.0,7,3496.0,407,122179,4276578610.0,1414195
2020-03-11 09:03:32.558000000,3496.0,3511.0,3491.0,3496.0,65,3497.0,226,122828,4299267510.0,1414505
2020-03-11 09:03:33.052000000,3496.0,3511.0,3491.0,3496.0,439,3497.0,286,122965,4304057240.0,1414507
2020-03-11 09:03:33.561000000,3496.0,3511.0,3491.0,3496.0,533,3497.0,310,122989,4304896280.0,1414530
2020-03-11 09:03:34.061000000,3496.0,3511.0,3491.0,3496.0,526,3497.0,473,123024,4306120040.0,1414561
2020-03-11 09:03:34.571000000,3496.0,3511.0,3491.0,3496.0,490,3497.0,505,123042,4306749330.0,1414579
2020-03-11 09:03:35.068000000,3496.0,3511.0,3491.0,3496.0,301,3497.0,500,123231,4313356830.0,1414663
2020-03-11 09:03:35.568000000,3496.0,3511.0,3491.0,3495.0,181,3496.0,13,123486,4322271610.0,1414650
2020-03-11 09:03:36.071000000,3496.0,3511.0,3491.0,3495.0,23,3496.0,80,123701,4329786170.0,1414599
2020-03-11 09:03:36.571000000,3496.0,3511.0,3491.0,3495.0,38,3496.0,256,123763,4331953670.0,1414559
2020-03-11 09:03:37.072000000,3496.0,3511.0,3491.0,3495.0,17,3496.0,67,124011,4340623340.0,1414566
2020-03-11 09:03:37.570000000,3496.0,3511.0,3491.0,3496.0,202,3497.0,363,124130,4344783580.0,1414652
2020-03-11 09:03:38.069000000,3496.0,3511.0,3491.0,3496.0,204,3497.0,280,124172,4346251920.0,1414668
2020-03-11 09:03:38.559000000,3496.0,3511.0,3491.0,3496.0,304,3497.0,295,124185,4346706400.0,1414675
2020-03-11 09:03:39.066000000,3496.0,3511.0,3491.0,3496.0,303,3497.0,291,124193,4346986100.0,1414682
2020-03-11 09:03:39.571000000,3496.0,3511.0,3491.0,3496.0,283,3497.0,245,124256,4349189100.0,1414735
2020-03-11 09:03:40.066000000,3496.0,3511.0,3491.0,3496.0,175,3497.0,261,124370,4353174550.0,1414746
2020-03-11 09:03:40.571000000,3496.0,3511.0,3491.0,3496.0,152,3497.0,275,124586,4360725980.0,1414687
2020-03-11 09:03:41.070000000,3497.0,3511.0,3491.0,3496.0,140,3497.0,235,124682,4364082570.0,1414720
2020-03-11 09:03:41.564000000,3496.0,3511.0,3491.0,3495.0,442,3496.0,48,124857,4370200880.0,1414742
2020-03-11 09:03:42.069000000,3496.0,3511.0,3491.0,3496.0,1,3497.0,210,124905,4371878960.0,1414763
2020-03-11 09:03:42.570000000,3496.0,3511.0,3491.0,3496.0,301,3497.0,125,125064,4377438610.0,1414749
2020-03-11 09:03:43.039000000,3496.0,3511.0,3491.0,3496.0,266,3497.0,93,125190,4381843620.0,1414866
2020-03-11 09:03:43.568000000,3496.0,3511.0,3491.0,3496.0,231,3497.0,212,125196,4382053380.0,1414872
2020-03-11 09:03:44.062000000,3496.0,3511.0,3491.0,3495.0,433,3496.0,10,125461,4391317540.0,1414861
2020-03-11 09:03:44.571000000,3496.0,3511.0,3491.0,3496.0,64,3497.0,297,125501,4392715940.0,1414872
2020-03-11 09:03:45.061000000,3497.0,3511.0,3491.0,3496.0,73,3497.0,313,125505,4392855800.0,1414872
2020-03-11 09:03:45.572000000,3496.0,3511.0,3491.0,3496.0,16,3497.0,366,125591,4395862380.0,1414893
2020-03-11 09:03:46.071000000,3496.0,3511.0,3491.0,3495.0,405,3497.0,372,125721,4400406680.0,1414866
2020-03-11 09:03:46.570000000,3496.0,3511.0,3491.0,3496.0,19,3497.0,545,125749,4401385560.0,1414874
2020-03-11 09:03:47.061000000,3496.0,3511.0,3491.0,3495.0,416,3496.0,3,125857,4405161910.0,1414847
2020-03-11 09:03:47.572000000,3495.0,3511.0,3491.0,3495.0,229,3496.0,208,126071,4412641240.0,1414774
2020-03-11 09:03:48.071000000,3495.0,3511.0,3491.0,3494.0,617,3495.0,45,126333,4421797840.0,1414880
2020-03-11 09:03:48.559000000,3495.0,3511.0,3491.0,3494.0,605,3495.0,206,126352,4422461890.0,1414899
2020-03-11 09:03:49.042000000,3496.0,3511.0,3491.0,3495.0,52,3496.0,186,126891,4441302970.0,1415153
2020-03-11 09:03:49.572000000,3496.0,3511.0,3491.0,3495.0,259,3496.0,203,126927,4442561300.0,1415159
2020-03-11 09:03:50.064000000,3495.0,3511.0,3491.0,3495.0,271,3496.0,160,126965,4443889670.0,1415132
2020-03-11 09:03:50.570000000,3496.0,3511.0,3491.0,3495.0,218,3496.0,188,126970,4444064450.0,1415133
2020-03-11 09:03:51.071000000,3495.0,3511.0,3491.0,3495.0,211,3496.0,132,127034,4446301860.0,1415159
2020-03-11 09:03:51.570000000,3495.0,3511.0,3491.0,3495.0,203,3496.0,123,127081,4447944820.0,1415146
2020-03-11 09:03:52.054000000,3495.0,3511.0,3491.0,3495.0,190,3496.0,102,127185,4451580510.0,1415070
2020-03-11 09:03:52.567000000,3495.0,3511.0,3491.0,3495.0,241,3496.0,159,127191,4451790260.0,1415070
2020-03-11 09:03:53.070000000,3495.0,3511.0,3491.0,3495.0,130,3496.0,169,127300,4455599830.0,1415162
2020-03-11 09:03:53.545000000,3496.0,3511.0,3491.0,3495.0,20,3496.0,362,127517,4463183080.0,1415069
2020-03-11 09:03:54.072000000,3495.0,3511.0,3491.0,3494.0,703,3495.0,257,127529,4463602480.0,1415081
2020-03-11 09:03:54.567000000,3495.0,3511.0,3491.0,3494.0,734,3495.0,261,127549,4464301480.0,1415085
2020-03-11 09:03:55.057000000,3495.0,3511.0,3491.0,3494.0,755,3495.0,226,127581,4465419880.0,1415091
2020-03-11 09:03:55.571000000,3496.0,3511.0,3491.0,3495.0,17,3496.0,401,127823,4473877710.0,1415059
2020-03-11 09:03:56.072000000,3496.0,3511.0,3491.0,3495.0,170,3496.0,362,127828,4474052510.0,1415057
2020-03-11 09:03:56.568000000,3495.0,3511.0,3491.0,3495.0,197,3496.0,329,127848,4474751690.0,1415060
2020-03-11 09:03:57.072000000,3495.0,3511.0,3491.0,3495.0,287,3496.0,302,127892,4476289850.0,1415104
2020-03-11 09:03:57.572000000,3495.0,3511.0,3491.0,3495.0,288,3496.0,8,128172,4486078480.0,1415191
2020-03-11 09:03:58.070000000,3496.0,3511.0,3491.0,3496.0,142,3497.0,602,128247,4488700480.0,1415149
2020-03-11 09:03:58.566000000,3496.0,3511.0,3491.0,3496.0,202,3497.0,575,128254,4488945200.0,1415146
2020-03-11 09:03:59.058000000,3496.0,3511.0,3491.0,3496.0,132,3497.0,593,128325,4491427360.0,1415152
2020-03-11 09:03:59.560000000,3496.0,3511.0,3491.0,3495.0,268,3496.0,55,128460,4496146800.0,1415105
2020-03-11 09:04:00.054000000,3496.0,3511.0,3491.0,3496.0,27,3497.0,466,128679,4503804310.0,1415158
2020-03-11 09:04:00.567000000,3496.0,3511.0,3491.0,3496.0,18,3497.0,469,128708,4504818300.0,1415163
2020-03-11 09:04:01.053000000,3495.0,3511.0,3491.0,3495.0,381,3496.0,6,128745,4506111950.0,1415179
2020-03-11 09:04:01.571000000,3496.0,3511.0,3491.0,3496.0,109,3497.0,459,128816,4508594330.0,1415117
2020-03-11 09:04:02.039000000,3497.0,3511.0,3491.0,3496.0,91,3497.0,377,128969,4513944220.0,1415079
2020-03-11 09:04:02.570000000,3496.0,3511.0,3491.0,3495.0,704,3496.0,29,129115,4519048580.0,1415103
2020-03-11 09:04:03.070000000,3496.0,3511.0,3491.0,3496.0,29,3497.0,452,129162,4520691700.0,1415140
2020-03-11 09:04:03.568000000,3496.0,3511.0,3491.0,3496.0,44,3497.0,425,129225,4522894760.0,1415143
2020-03-11 09:04:04.048000000,3496.0,3511.0,3491.0,3496.0,155,3497.0,429,129231,4523104530.0,1415146
2020-03-11 09:04:04.564000000,3496.0,3511.0,3491.0,3496.0,270,3497.0,410,129238,4523349270.0,1415144
2020-03-11 09:04:05.059000000,3496.0,3511.0,3491.0,3496.0,308,3497.0,402,129279,4524782650.0,1415155
2020-03-11 09:04:05.572000000,3496.0,3511.0,3491.0,3496.0,226,3497.0,358,129345,4527090570.0,1415201
2020-03-11 09:04:06.071000000,3496.0,3511.0,3491.0,3495.0,676,3496.0,224,129583,4535411050.0,1415366
2020-03-11 09:04:06.572000000,3496.0,3511.0,3491.0,3495.0,617,3496.0,214,129660,4538102970.0,1415428
2020-03-11 09:04:07.072000000,3495.0,3511.0,3491.0,3495.0,631,3496.0,191,129661,4538137920.0,1415428
2020-03-11 09:04:07.555000000,3495.0,3511.0,3491.0,3495.0,667,3496.0,194,129674,4538592380.0,1415439
2020-03-11 09:04:08.058000000,3496.0,3511.0,3491.0,3495.0,674,3496.0,161,129721,4540235450.0,1415481
2020-03-11 09:04:08.571000000,3496.0,3511.0,3491.0,3495.0,672,3496.0,160,129739,4540864690.0,1415488
2020-03-11 09:04:09.034000000,3495.0,3511.0,3491.0,3495.0,664,3496.0,150,129759,4541563810.0,1415495
2020-03-11 09:04:09.567000000,3496.0,3511.0,3491.0,3495.0,669,3496.0,177,129785,4542472700.0,1415507
2020-03-11 09:04:10.064000000,3495.0,3511.0,3491.0,3495.0,667,3496.0,191,129792,4542717390.0,1415508
2020-03-11 09:04:10.555000000,3496.0,3511.0,3491.0,3495.0,641,3496.0,200,129801,4543032000.0,1415517
2020-03-11 09:04:11.068000000,3495.0,3511.0,3491.0,3495.0,616,3496.0,175,130029,4551002600.0,1415640
2020-03-11 09:04:11.572000000,3496.0,3511.0,3491.0,3494.0,806,3495.0,3,130767,4576796710.0,1415874
2020-03-11 09:04:12.067000000,3495.0,3511.0,3491.0,3494.0,764,3495.0,177,130975,4584068200.0,1415932
2020-03-11 09:04:12.551000000,3495.0,3511.0,3491.0,3494.0,772,3495.0,344,131060,4587038950.0,1416016
2020-03-11 09:04:13.064000000,3494.0,3511.0,3491.0,3494.0,750,3495.0,250,131173,4590988290.0,1416127
2020-03-11 09:04:13.570000000,3496.0,3511.0,3491.0,3495.0,36,3496.0,54,131507,4602661960.0,1416242
2020-03-11 09:04:14.062000000,3495.0,3511.0,3491.0,3495.0,163,3496.0,240,131523,4603221230.0,1416248
2020-03-11 09:04:14.564000000,3495.0,3511.0,3491.0,3495.0,160,3496.0,304,131545,4603990140.0,1416246
2020-03-11 09:04:15.054000000,3495.0,3511.0,3491.0,3495.0,83,3496.0,325,131558,4604444490.0,1416254
2020-03-11 09:04:15.569000000,3495.0,3511.0,3491.0,3495.0,62,3496.0,333,131577,4605108540.0,1416244
2020-03-11 09:04:16.072000000,3495.0,3511.0,3491.0,3495.0,14,3496.0,335,131687,4608953040.0,1416203
2020-03-11 09:04:16.572000000,3495.0,3511.0,3491.0,3494.0,780,3495.0,69,131711,4609791810.0,1416194
2020-03-11 09:04:17.072000000,3495.0,3511.0,3491.0,3494.0,566,3495.0,107,131917,4616989510.0,1416063
2020-03-11 09:04:17.564000000,3494.0,3511.0,3491.0,3494.0,536,3495.0,229,131930,4617443850.0,1416072
2020-03-11 09:04:18.063000000,3494.0,3511.0,3491.0,3494.0,516,3495.0,209,131962,4618562130.0,1416086
2020-03-11 09:04:18.561000000,3494.0,3511.0,3491.0,3494.0,534,3495.0,204,131971,4618876610.0,1416085
2020-03-11 09:04:19.055000000,3495.0,3511.0,3491.0,3494.0,531,3495.0,234,131984,4619330920.0,1416093
2020-03-11 09:04:19.560000000,3495.0,3511.0,3491.0,3494.0,557,3495.0,129,132112,4623804450.0,1416157
2020-03-11 09:04:20.054000000,3495.0,3511.0,3491.0,3495.0,5,3496.0,625,132336,4631634010.0,1416263
2020-03-11 09:04:20.572000000,3495.0,3511.0,3491.0,3495.0,17,3496.0,345,132698,4644288730.0,1416410
2020-03-11 09:04:21.046000000,3495.0,3511.0,3491.0,3495.0,153,3496.0,67,133027,4655790280.0,1416525
2020-03-11 09:04:21.568000000,3495.0,3511.0,3491.0,3495.0,302,3496.0,36,133043,4656349490.0,1416530
2020-03-11 09:04:22.050000000,3496.0,3511.0,3491.0,3496.0,56,3497.0,419,133099,4658307140.0,1416574
2020-03-11 09:04:22.566000000,3496.0,3511.0,3491.0,3496.0,117,3497.0,496,133141,4659775460.0,1416607
2020-03-11 09:04:23.072000000,3496.0,3511.0,3491.0,3496.0,382,3497.0,496,133177,4661034020.0,1416634
2020-03-11 09:04:23.571000000,3497.0,3511.0,3491.0,3496.0,486,3497.0,441,133193,4661593420.0,1416647
2020-03-11 09:04:24.068000000,3497.0,3511.0,3491.0,3496.0,467,3497.0,395,133279,4664600400.0,1416665
2020-03-11 09:04:24.572000000,3496.0,3511.0,3491.0,3496.0,450,3497.0,80,133678,4678553150.0,1416449
2020-03-11 09:04:25.059000000,3497.0,3511.0,3491.0,3497.0,210,3498.0,762,133793,4682574700.0,1416460
2020-03-11 09:04:25.572000000,3497.0,3511.0,3491.0,3497.0,237,3498.0,842,133806,4683029310.0,1416464
2020-03-11 09:04:26.068000000,3498.0,3511.0,3491.0,3497.0,228,3498.0,879,133823,4683623820.0,1416478
2020-03-11 09:04:26.566000000,3498.0,3511.0,3491.0,3497.0,127,3498.0,907,133868,4685197780.0,1416505
2020-03-11 09:04:27.072000000,3497.0,3511.0,3491.0,3497.0,117,3498.0,882,133917,4686911750.0,1416523
2020-03-11 09:04:27.572000000,3497.0,3511.0,3491.0,3497.0,105,3498.0,833,134013,4690269420.0,1416521
2020-03-11 09:04:28.069000000,3497.0,3511.0,3491.0,3496.0,539,3498.0,827,134169,4695725230.0,1416581
2020-03-11 09:04:28.566000000,3497.0,3511.0,3491.0,3496.0,534,3498.0,820,134205,4696984460.0,1416587
2020-03-11 09:04:29.025000000,3497.0,3511.0,3491.0,3496.0,542,3497.0,10,134222,4697578850.0,1416602
2020-03-11 09:04:29.565000000,3497.0,3511.0,3491.0,3496.0,545,3497.0,50,134346,4701915130.0,1416606
2020-03-11 09:04:30.072000000,3497.0,3511.0,3491.0,3497.0,1,3498.0,842,134430,4704852630.0,1416546
2020-03-11 09:04:30.562000000,3497.0,3511.0,3491.0,3497.0,80,3498.0,856,134448,4705482090.0,1416553
2020-03-11 09:04:31.062000000,3497.0,3511.0,3491.0,3497.0,89,3498.0,856,134475,4706426290.0,1416579
2020-03-11 09:04:31.572000000,3497.0,3511.0,3491.0,3497.0,57,3498.0,857,134521,4708034930.0,1416586
2020-03-11 09:04:32.072000000,3497.0,3511.0,3491.0,3496.0,554,3497.0,32,134637,4712091530.0,1416611
2020-03-11 09:04:32.567000000,3497.0,3511.0,3491.0,3496.0,556,3497.0,308,134692,4714014860.0,1416631
2020-03-11 09:04:33.069000000,3497.0,3511.0,3491.0,3496.0,514,3497.0,354,134716,4714854040.0,1416641
2020-03-11 09:04:33.572000000,3496.0,3511.0,3491.0,3496.0,516,3497.0,423,134721,4715028880.0,1416640
2020-03-11 09:04:34.062000000,3497.0,3511.0,3491.0,3496.0,510,3497.0,421,134738,4715623330.0,1416639
2020-03-11 09:04:34.572000000,3497.0,3511.0,3491.0,3496.0,516,3497.0,505,134759,4716357700.0,1416640
2020-03-11 09:04:35.055000000,3497.0,3511.0,3491.0,3496.0,507,3497.0,497,134795,4717616490.0,1416673
2020-03-11 09:04:35.568000000,3497.0,3511.0,3491.0,3496.0,425,3497.0,506,134873,4720343500.0,1416725
2020-03-11 09:04:36.072000000,3497.0,3511.0,3491.0,3496.0,400,3497.0,513,134904,4721427310.0,1416752
2020-03-11 09:04:36.549000000,3497.0,3511.0,3491.0,3496.0,347,3497.0,513,134959,4723350140.0,1416805
2020-03-11 09:04:37.066000000,3497.0,3511.0,3491.0,3495.0,439,3496.0,10,135314,4735761020.0,1416817
2020-03-11 09:04:37.570000000,3496.0,3511.0,3491.0,3495.0,448,3496.0,114,135318,4735900870.0,1416821
2020-03-11 09:04:38.073000000,3496.0,3511.0,3491.0,3495.0,448,3496.0,114,135432,4739886300.0,1416896
2020-03-11 09:04:38.572000000,3496.0,3511.0,3491.0,3496.0,105,3497.0,452,135538,4743592100.0,1416952
2020-03-11 09:04:39.072000000,3496.0,3511.0,3491.0,3496.0,382,3497.0,441,135574,4744850780.0,1416965
2020-03-11 09:04:39.568000000,3496.0,3511.0,3491.0,3496.0,638,3497.0,429,135578,4744990620.0,1416965
2020-03-11 09:04:40.049000000,3496.0,3511.0,3491.0,3496.0,631,3497.0,376,135606,4745969560.0,1416967
2020-03-11 09:04:40.572000000,3496.0,3511.0,3491.0,3496.0,621,3497.0,364,135633,4746913680.0,1416953
2020-03-11 09:04:41.072000000,3496.0,3511.0,3491.0,3496.0,619,3497.0,370,135637,4747053520.0,1416954
2020-03-11 09:04:41.567000000,3496.0,3511.0,3491.0,3496.0,629,3497.0,360,135654,4747647920.0,1416955
2020-03-11 09:04:42.071000000,3497.0,3511.0,3491.0,3497.0,98,3498.0,885,136066,4762055500.0,1417103
2020-03-11 09:04:42.565000000,3497.0,3511.0,3491.0,3496.0,639,3497.0,109,136177,4765937070.0,1417117
2020-03-11 09:04:43.054000000,3497.0,3511.0,3491.0,3496.0,602,3497.0,156,136218,4767370500.0,1417126
2020-03-11 09:04:43.569000000,3496.0,3511.0,3491.0,3496.0,631,3497.0,340,136225,4767615230.0,1417132
2020-03-11 09:04:44.065000000,3496.0,3511.0,3491.0,3496.0,578,3497.0,358,136267,4769083800.0,1417151
2020-03-11 09:04:44.571000000,3497.0,3511.0,3491.0,3496.0,577,3497.0,379,136284,4769678240.0,1417161
2020-03-11 09:04:45.037000000,3497.0,3511.0,3491.0,3496.0,572,3497.0,409,136313,4770692300.0,1417189
2020-03-11 09:04:45.572000000,3497.0,3511.0,3491.0,3496.0,593,3497.0,430,136333,4771391680.0,1417199
2020-03-11 09:04:46.070000000,3496.0,3511.0,3491.0,3496.0,571,3497.0,433,136340,4771636450.0,1417204
2020-03-11 09:04:46.557000000,3497.0,3511.0,3491.0,3496.0,573,3497.0,430,136350,4771986130.0,1417212
2020-03-11 09:04:47.068000000,3497.0,3511.0,3491.0,3496.0,556,3497.0,427,136377,4772930130.0,1417224
2020-03-11 09:04:47.564000000,3497.0,3511.0,3491.0,3496.0,554,3497.0,422,136411,4774118950.0,1417243
2020-03-11 09:04:48.072000000,3497.0,3511.0,3491.0,3496.0,518,3497.0,435,136466,4776041780.0,1417248
2020-03-11 09:04:48.570000000,3497.0,3511.0,3491.0,3496.0,515,3497.0,432,136483,4776636190.0,1417263
2020-03-11 09:04:49.072000000,3496.0,3511.0,3491.0,3496.0,526,3497.0,431,136503,4777335550.0,1417282
2020-03-11 09:04:49.568000000,3496.0,3511.0,3491.0,3496.0,519,3497.0,432,136513,4777685160.0,1417292
2020-03-11 09:04:50.065000000,3497.0,3511.0,3491.0,3496.0,531,3497.0,387,136579,4779993130.0,1417296
2020-03-11 09:04:50.564000000,3496.0,3511.0,3491.0,3496.0,404,3497.0,416,136713,4784677830.0,1417430
2020-03-11 09:04:51.064000000,3496.0,3511.0,3491.0,3496.0,7,3497.0,429,137149,4799920510.0,1417790
2020-03-11 09:04:51.568000000,3497.0,3511.0,3491.0,3495.0,550,3497.0,419,137544,4813730180.0,1417579
2020-03-11 09:04:52.063000000,3496.0,3511.0,3491.0,3496.0,179,3497.0,404,137588,4815268600.0,1417597
2020-03-11 09:04:52.563000000,3497.0,3511.0,3491.0,3496.0,400,3497.0,606,137591,4815373510.0,1417598
2020-03-11 09:04:53.071000000,3497.0,3511.0,3491.0,3496.0,392,3497.0,607,137615,4816212650.0,1417620
2020-03-11 09:04:53.571000000,3497.0,3511.0,3491.0,3496.0,395,3497.0,529,137647,4817331670.0,1417620
2020-03-11 09:04:54.055000000,3496.0,3511.0,3491.0,3496.0,380,3497.0,546,137669,4818100840.0,1417632
2020-03-11 09:04:54.572000000,3497.0,3511.0,3491.0,3496.0,182,3497.0,456,137956,4828135270.0,1417648
2020-03-11 09:04:55.072000000,3497.0,3511.0,3491.0,3496.0,19,3497.0,485,138147,4834812700.0,1417826
2020-03-11 09:04:55.563000000,3496.0,3511.0,3491.0,3495.0,571,3496.0,190,138293,4839916860.0,1417933
2020-03-11 09:04:56.068000000,3496.0,3511.0,3491.0,3495.0,548,3496.0,71,138297,4840056700.0,1417937
2020-03-11 09:04:56.566000000,3497.0,3511.0,3491.0,3496.0,56,3497.0,498,138360,4842259190.0,1417981
2020-03-11 09:04:57.072000000,3496.0,3511.0,3491.0,3495.0,565,3496.0,32,138427,4844601500.0,1418026
2020-03-11 09:04:57.572000000,3495.0,3511.0,3491.0,3495.0,594,3496.0,55,138432,4844776250.0,1418025
2020-03-11 09:04:58.065000000,3495.0,3511.0,3491.0,3495.0,580,3496.0,97,138467,4845999690.0,1418031
2020-03-11 09:04:58.569000000,3496.0,3511.0,3491.0,3495.0,569,3496.0,252,138477,4846349260.0,1418037
2020-03-11 09:04:59.070000000,3496.0,3511.0,3491.0,3495.0,498,3496.0,352,138509,4847467680.0,1418049
2020-03-11 09:04:59.572000000,3495.0,3511.0,3491.0,3495.0,223,3496.0,356,138765,4856414930.0,1418140
2020-03-11 09:05:00.073000000,3495.0,3511.0,3491.0,3494.0,723,3495.0,13,139003,4864733020.0,1418342
2020-03-11 09:05:00.561000000,3495.0,3511.0,3491.0,3494.0,726,3495.0,94,139101,4868158080.0,1418345
2020-03-11 09:05:01.063000000,3495.0,3511.0,3491.0,3494.0,612,3495.0,60,139298,4875042090.0,1418268
2020-03-11 09:05:01.572000000,3495.0,3511.0,3491.0,3494.0,611,3495.0,20,139433,4879760310.0,1418260
2020-03-11 09:05:02.065000000,3495.0,3511.0,3491.0,3494.0,612,3496.0,359,139465,4880878760.0,1418261
2020-03-11 09:05:02.558000000,3496.0,3511.0,3491.0,3495.0,18,3496.0,232,139690,4888743380.0,1418319
2020-03-11 09:05:03.071000000,3495.0,3511.0,3491.0,3495.0,82,3496.0,198,139909,4896398060.0,1418340
2020-03-11 09:05:03.571000000,3495.0,3511.0,3491.0,3494.0,554,3495.0,302,140144,4904611410.0,1418310
2020-03-11 09:05:04.072000000,3495.0,3511.0,3491.0,3494.0,550,3495.0,277,140181,4905904520.0,1418304
2020-03-11 09:05:04.571000000,3494.0,3511.0,3491.0,3494.0,401,3495.0,249,140393,4913312420.0,1418154
2020-03-11 09:05:05.067000000,3494.0,3511.0,3491.0,3494.0,367,3495.0,265,140434,4914745180.0,1418153
2020-03-11 09:05:05.567000000,3494.0,3511.0,3491.0,3494.0,320,3495.0,285,140483,4916457390.0,1418158
2020-03-11 09:05:06.068000000,3494.0,3511.0,3491.0,3494.0,299,3495.0,286,140498,4916981620.0,1418158
2020-03-11 09:05:06.568000000,3494.0,3511.0,3491.0,3494.0,286,3495.0,274,140530,4918099880.0,1418164
2020-03-11 09:05:07.072000000,3495.0,3511.0,3491.0,3494.0,272,3495.0,236,140596,4920406460.0,1418164
2020-03-11 09:05:07.573000000,3494.0,3511.0,3491.0,3494.0,291,3495.0,230,140607,4920790840.0,1418167
2020-03-11 09:05:08.063000000,3494.0,3511.0,3491.0,3494.0,293,3495.0,225,140621,4921280110.0,1418168
2020-03-11 09:05:08.572000000,3494.0,3511.0,3491.0,3494.0,275,3495.0,258,140640,4921943980.0,1418185
2020-03-11 09:05:09.066000000,3494.0,3511.0,3491.0,3494.0,245,3495.0,272,140663,4922747650.0,1418195
2020-03-11 09:05:09.568000000,3494.0,3511.0,3491.0,3493.0,1027,3494.0,79,140898,4930958550.0,1418336
2020-03-11 09:05:10.067000000,3494.0,3511.0,3491.0,3493.0,1010,3494.0,301,140915,4931552500.0,1418348
2020-03-11 09:05:10.561000000,3494.0,3511.0,3491.0,3493.0,955,3494.0,383,140945,4932600650.0,1418364
2020-03-11 09:05:11.073000000,3493.0,3511.0,3491.0,3493.0,943,3494.0,393,140955,4932949980.0,1418363
2020-03-11 09:05:11.572000000,3494.0,3511.0,3491.0,3493.0,883,3494.0,394,141053,4936373250.0,1418374
2020-03-11 09:05:12.065000000,3494.0,3511.0,3491.0,3493.0,869,3494.0,349,141104,4938155050.0,1418363
2020-03-11 09:05:12.556000000,3493.0,3511.0,3491.0,3493.0,860,3494.0,354,141172,4940530320.0,1418375
2020-03-11 09:05:13.067000000,3493.0,3511.0,3491.0,3493.0,787,3494.0,342,141252,4943324840.0,1418340
2020-03-11 09:05:13.564000000,3493.0,3511.0,3491.0,3493.0,727,3494.0,356,141301,4945036420.0,1418324
2020-03-11 09:05:14.072000000,3493.0,3511.0,3491.0,3493.0,783,3494.0,365,141307,4945246000.0,1418320
2020-03-11 09:05:14.568000000,3493.0,3511.0,3491.0,3493.0,742,3494.0,361,141360,4947097350.0,1418321
2020-03-11 09:05:15.069000000,3493.0,3511.0,3491.0,3493.0,380,3494.0,361,141720,4959672170.0,1418272
2020-03-11 09:05:15.572000000,3493.0,3511.0,3491.0,3493.0,281,3494.0,386,141841,4963898730.0,1418370
2020-03-11 09:05:16.066000000,3493.0,3511.0,3491.0,3493.0,204,3494.0,402,141989,4969068420.0,1418428
2020-03-11 09:05:16.568000000,3493.0,3511.0,3491.0,3493.0,28,3494.0,406,142282,4979302930.0,1418359
2020-03-11 09:05:17.073000000,3493.0,3511.0,3491.0,3492.0,850,3493.0,99,142334,4981119290.0,1418381
2020-03-11 09:05:17.572000000,3493.0,3511.0,3491.0,3492.0,847,3493.0,91,142353,4981782950.0,1418393
2020-03-11 09:05:18.072000000,3492.0,3511.0,3491.0,3492.0,841,3493.0,104,142370,4982376660.0,1418389
2020-03-11 09:05:18.572000000,3493.0,3511.0,3491.0,3492.0,822,3493.0,112,142412,4983843440.0,1418362
2020-03-11 09:05:19.064000000,3492.0,3511.0,3491.0,3492.0,364,3493.0,142,142886,5000395540.0,1418674
2020-03-11 09:05:19.572000000,3493.0,3511.0,3491.0,3492.0,303,3493.0,253,142906,5001094040.0,1418679
2020-03-11 09:05:20.072000000,3492.0,3511.0,3491.0,3492.0,231,3493.0,276,142980,5003678120.0,1418743
2020-03-11 09:05:20.572000000,3493.0,3511.0,3491.0,3492.0,188,3493.0,211,143102,5007939130.0,1418781
2020-03-11 09:05:21.073000000,3492.0,3511.0,3491.0,3492.0,101,3493.0,214,143203,5011466120.0,1418738
2020-03-11 09:05:21.568000000,3492.0,3511.0,3491.0,3492.0,69,3493.0,166,143285,5014329990.0,1418736
2020-03-11 09:05:22.072000000,3493.0,3511.0,3491.0,3492.0,124,3493.0,199,143310,5015203040.0,1418737
2020-03-11 09:05:22.562000000,3492.0,3511.0,3491.0,3492.0,123,3493.0,189,143368,5017228470.0,1418757
2020-03-11 09:05:23.062000000,3493.0,3511.0,3491.0,3493.0,120,3494.0,225,143578,5024563600.0,1418705
2020-03-11 09:05:23.562000000,3493.0,3511.0,3491.0,3493.0,143,3494.0,219,143670,5027777160.0,1418685
2020-03-11 09:05:24.068000000,3493.0,3511.0,3491.0,3493.0,205,3494.0,191,143687,5028370990.0,1418682
2020-03-11 09:05:24.571000000,3493.0,3511.0,3491.0,3493.0,198,3494.0,197,143703,5028929890.0,1418674
2020-03-11 09:05:25.070000000,3494.0,3511.0,3491.0,3493.0,158,3494.0,203,143783,5031724310.0,1418695
2020-03-11 09:05:25.544000000,3493.0,3511.0,3491.0,3493.0,31,3494.0,231,143912,5036230330.0,1418681
2020-03-11 09:05:26.066000000,3493.0,3511.0,3491.0,3492.0,312,3493.0,75,143953,5037662450.0,1418691
2020-03-11 09:05:26.569000000,3492.0,3511.0,3491.0,3492.0,286,3493.0,113,143966,5038116420.0,1418703
2020-03-11 09:05:27.065000000,3492.0,3511.0,3491.0,3492.0,286,3493.0,35,144083,5042203080.0,1418685
2020-03-11 09:05:27.571000000,3492.0,3511.0,3491.0,3492.0,275,3493.0,60,144125,5043670030.0,1418670
2020-03-11 09:05:28.070000000,3492.0,3511.0,3491.0,3492.0,283,3493.0,64,144144,5044333580.0,1418673
2020-03-11 09:05:28.568000000,3492.0,3511.0,3491.0,3492.0,258,3493.0,82,144172,5045311350.0,1418674
2020-03-11 09:05:29.068000000,3493.0,3511.0,3491.0,3492.0,247,3493.0,82,144200,5046289250.0,1418675
2020-03-11 09:05:29.560000000,3493.0,3511.0,3491.0,3492.0,190,3493.0,160,144272,5048803640.0,1418645
2020-03-11 09:05:30.070000000,3493.0,3511.0,3491.0,3492.0,150,3493.0,272,144301,5049816460.0,1418659
2020-03-11 09:05:30.555000000,3493.0,3511.0,3491.0,3492.0,136,3493.0,289,144322,5050549830.0,1418662
2020-03-11 09:05:31.053000000,3492.0,3511.0,3491.0,3492.0,139,3493.0,275,144352,5051597630.0,1418648
2020-03-11 09:05:31.565000000,3493.0,3511.0,3491.0,3492.0,12,3493.0,182,144750,5065497890.0,1418836
2020-03-11 09:05:32.064000000,3492.0,3511.0,3491.0,3492.0,30,3493.0,156,144884,5070178170.0,1418859
2020-03-11 09:05:32.568000000,3492.0,3511.0,3491.0,3492.0,33,3493.0,249,144929,5071749570.0,1418842
2020-03-11 09:05:33.053000000,3492.0,3511.0,3491.0,3492.0,13,3493.0,273,144980,5073530540.0,1418860
2020-03-11 09:05:33.567000000,3492.0,3511.0,3491.0,3492.0,6,3493.0,273,145019,5074892520.0,1418870
2020-03-11 09:05:34.072000000,3491.0,3511.0,3491.0,3491.0,951,3492.0,92,145040,5075625830.0,1418869
2020-03-11 09:05:34.572000000,3491.0,3511.0,3491.0,3491.0,883,3492.0,17,145276,5083865830.0,1418723
2020-03-11 09:05:35.071000000,3491.0,3511.0,3491.0,3491.0,874,3492.0,104,145311,5085087910.0,1418729
2020-03-11 09:05:35.572000000,3491.0,3511.0,3491.0,3491.0,857,3492.0,143,145325,5085576690.0,1418725
2020-03-11 09:05:36.052000000,3492.0,3511.0,3491.0,3491.0,853,3492.0,154,145335,5085925850.0,1418723
2020-03-11 09:05:36.564000000,3491.0,3511.0,3491.0,3491.0,830,3492.0,310,145375,5087322270.0,1418702
2020-03-11 09:05:37.066000000,3491.0,3511.0,3491.0,3491.0,786,3492.0,334,145416,5088753710.0,1418694
2020-03-11 09:05:37.569000000,3491.0,3511.0,3491.0,3491.0,769,3492.0,433,145449,5089905850.0,1418701
2020-03-11 09:05:38.070000000,3491.0,3511.0,3491.0,3491.0,777,3492.0,427,145486,5091197640.0,1418706
2020-03-11 09:05:38.565000000,3491.0,3511.0,3491.0,3491.0,778,3492.0,432,145540,5093082810.0,1418724
2020-03-11 09:05:39.070000000,3492.0,3511.0,3491.0,3491.0,779,3492.0,426,145552,5093501810.0,1418722
2020-03-11 09:05:39.571000000,3492.0,3511.0,3491.0,3492.0,55,3493.0,363,146014,5109634840.0,1419133
2020-03-11 09:05:40.061000000,3492.0,3511.0,3491.0,3492.0,56,3493.0,463,146063,5111345920.0,1419137
2020-03-11 09:05:40.573000000,3493.0,3511.0,3491.0,3492.0,52,3493.0,470,146131,5113720100.0,1419111
2020-03-11 09:05:41.069000000,3492.0,3511.0,3491.0,3492.0,55,3493.0,484,146171,5115116970.0,1419135
2020-03-11 09:05:41.563000000,3492.0,3511.0,3491.0,3492.0,73,3493.0,477,146193,5115885290.0,1419141
2020-03-11 09:05:42.070000000,3492.0,3511.0,3491.0,3492.0,52,3493.0,480,146235,5117351930.0,1419125
2020-03-11 09:05:42.557000000,3492.0,3511.0,3491.0,3492.0,32,3493.0,504,146308,5119901090.0,1419156
2020-03-11 09:05:43.068000000,3492.0,3511.0,3491.0,3492.0,45,3493.0,506,146320,5120320140.0,1419161
2020-03-11 09:05:43.565000000,3492.0,3511.0,3491.0,3491.0,800,3492.0,57,146379,5122380420.0,1419155
2020-03-11 09:05:44.043000000,3492.0,3511.0,3491.0,3491.0,845,3492.0,260,146417,5123707380.0,1419155
2020-03-11 09:05:44.572000000,3492.0,3511.0,3491.0,3491.0,898,3492.0,271,146440,5124510530.0,1419154
2020-03-11 09:05:45.058000000,3491.0,3511.0,3491.0,3491.0,873,3492.0,304,146470,5125557880.0,1419152
2020-03-11 09:05:45.555000000,3491.0,3511.0,3491.0,3491.0,864,3492.0,364,146485,5126081660.0,1419152
2020-03-11 09:05:46.047000000,3492.0,3511.0,3491.0,3491.0,835,3492.0,356,146523,5127408510.0,1419146
2020-03-11 09:05:46.569000000,3492.0,3511.0,3491.0,3491.0,885,3492.0,369,146539,5127967160.0,1419144
2020-03-11 09:05:47.058000000,3492.0,3511.0,3491.0,3491.0,882,3492.0,367,146554,5128490890.0,1419132
2020-03-11 09:05:47.557000000,3492.0,3511.0,3491.0,3491.0,875,3492.0,372,146566,5128909840.0,1419127
2020-03-11 09:05:48.073000000,3491.0,3511.0,3491.0,3491.0,856,3492.0,393,146597,5129992050.0,1419127
2020-03-11 09:05:48.572000000,3491.0,3511.0,3491.0,3491.0,847,3492.0,267,146734,5134775980.0,1419125
2020-03-11 09:05:49.071000000,3492.0,3511.0,3491.0,3491.0,748,3492.0,271,146843,5138581200.0,1419131
2020-03-11 09:05:49.571000000,3492.0,3511.0,3491.0,3491.0,737,3492.0,264,146978,5143295330.0,1419070
2020-03-11 09:05:50.072000000,3492.0,3511.0,3491.0,3491.0,738,3492.0,276,146988,5143644480.0,1419069
2020-03-11 09:05:50.569000000,3492.0,3511.0,3491.0,3491.0,741,3493.0,571,147277,5153736350.0,1418977
2020-03-11 09:05:51.071000000,3492.0,3511.0,3491.0,3492.0,252,3493.0,448,147304,5154679350.0,1418960
2020-03-11 09:05:51.571000000,3493.0,3511.0,3491.0,3493.0,88,3494.0,349,147732,5169629390.0,1418771
2020-03-11 09:05:52.065000000,3493.0,3511.0,3491.0,3493.0,238,3494.0,257,147791,5171690410.0,1418761
2020-03-11 09:05:52.573000000,3493.0,3511.0,3491.0,3493.0,277,3494.0,258,147811,5172389100.0,1418751
2020-03-11 09:05:53.072000000,3493.0,3511.0,3491.0,3493.0,246,3494.0,275,147832,5173122630.0,1418747
2020-03-11 09:05:53.556000000,3493.0,3511.0,3491.0,3493.0,209,3494.0,254,147959,5177559740.0,1418663
2020-03-11 09:05:54.056000000,3493.0,3511.0,3491.0,3493.0,207,3494.0,264,147985,5178467960.0,1418667
2020-03-11 09:05:54.554000000,3493.0,3511.0,3491.0,3493.0,61,3494.0,292,148117,5183078760.0,1418606
2020-03-11 09:05:55.072000000,3492.0,3511.0,3491.0,3492.0,454,3493.0,14,148184,5185419030.0,1418660
2020-03-11 09:05:55.572000000,3492.0,3511.0,3491.0,3492.0,442,3493.0,147,148206,5186187330.0,1418666
2020-03-11 09:05:56.073000000,3493.0,3511.0,3491.0,3492.0,312,3493.0,165,148308,5189749190.0,1418679
2020-03-11 09:05:56.562000000,3493.0,3511.0,3491.0,3492.0,288,3493.0,264,148340,5190866640.0,1418679
2020-03-11 09:05:57.070000000,3493.0,3511.0,3491.0,3492.0,277,3493.0,278,148358,5191495260.0,1418678
2020-03-11 09:05:57.573000000,3493.0,3511.0,3491.0,3492.0,282,3493.0,306,148363,5191669910.0,1418683
2020-03-11 09:05:58.072000000,3492.0,3511.0,3491.0,3492.0,267,3493.0,293,148398,5192892230.0,1418665
2020-03-11 09:05:58.570000000,3492.0,3511.0,3491.0,3492.0,260,3493.0,285,148416,5193520870.0,1418666
2020-03-11 09:05:59.067000000,3493.0,3511.0,3491.0,3492.0,257,3493.0,274,148436,5194219360.0,1418660
2020-03-11 09:05:59.561000000,3493.0,3511.0,3491.0,3492.0,257,3493.0,357,148458,5194987750.0,1418674
2020-03-11 09:06:00.069000000,3493.0,3511.0,3491.0,3492.0,254,3493.0,374,148482,5195826020.0,1418688
2020-03-11 09:06:00.565000000,3493.0,3511.0,3491.0,3492.0,390,3493.0,317,148553,5198306050.0,1418758
2020-03-11 09:06:01.054000000,3492.0,3511.0,3491.0,3492.0,391,3493.0,280,148574,5199039380.0,1418756
2020-03-11 09:06:01.573000000,3493.0,3511.0,3491.0,3492.0,394,3493.0,261,148603,5200052320.0,1418757
2020-03-11 09:06:02.072000000,3493.0,3511.0,3491.0,3493.0,76,3494.0,402,148878,5209658060.0,1418646
2020-03-11 09:06:02.567000000,3493.0,3511.0,3491.0,3493.0,158,3494.0,349,148895,5210251880.0,1418662
2020-03-11 09:06:03.069000000,3493.0,3511.0,3491.0,3493.0,220,3494.0,342,148937,5211718980.0,1418691
2020-03-11 09:06:03.570000000,3493.0,3511.0,3491.0,3493.0,182,3494.0,345,149004,5214059290.0,1418735
2020-03-11 09:06:04.039000000,3493.0,3511.0,3491.0,3493.0,116,3494.0,356,149104,5217552300.0,1418792
2020-03-11 09:06:04.571000000,3494.0,3511.0,3491.0,3493.0,148,3494.0,388,149126,5218320790.0,1418810
2020-03-11 09:06:05.071000000,3494.0,3511.0,3491.0,3493.0,149,3494.0,392,149143,5218914630.0,1418824
2020-03-11 09:06:05.567000000,3493.0,3511.0,3491.0,3493.0,111,3494.0,396,149203,5221010500.0,1418862
2020-03-11 09:06:06.073000000,3494.0,3511.0,3491.0,3493.0,11,3494.0,390,149308,5224678200.0,1418908
2020-03-11 09:06:06.564000000,3493.0,3511.0,3491.0,3493.0,10,3494.0,428,149330,5225446710.0,1418911
2020-03-11 09:06:07.070000000,3493.0,3511.0,3491.0,3492.0,655,3493.0,57,149346,5226005590.0,1418923
2020-03-11 09:06:07.530000000,3492.0,3511.0,3491.0,3492.0,670,3493.0,88,149352,5226215160.0,1418925
2020-03-11 09:06:08.061000000,3493.0,3511.0,3491.0,3492.0,673,3493.0,131,149359,5226459660.0,1418927
2020-03-11 09:06:08.552000000,3493.0,3511.0,3491.0,3492.0,666,3493.0,159,149360,5226494590.0,1418928
2020-03-11 09:06:09.071000000,3493.0,3511.0,3491.0,3492.0,663,3493.0,138,149387,5227437670.0,1418941
2020-03-11 09:06:09.571000000,3493.0,3511.0,3491.0,3492.0,665,3493.0,154,149403,5227996440.0,1418937
2020-03-11 09:06:10.062000000,3492.0,3511.0,3491.0,3492.0,630,3493.0,145,149470,5230336190.0,1418948
2020-03-11 09:06:10.564000000,3492.0,3511.0,3491.0,3492.0,649,3493.0,148,149486,5230894950.0,1418948
2020-03-11 09:06:11.069000000,3492.0,3511.0,3491.0,3492.0,659,3493.0,4,149624,5235715260.0,1418892
2020-03-11 09:06:11.560000000,3492.0,3511.0,3491.0,3492.0,684,3493.0,11,149631,5235959760.0,1418894
2020-03-11 09:06:12.065000000,3493.0,3511.0,3491.0,3493.0,1,3494.0,440,149653,5236728140.0,1418897
2020-03-11 09:06:12.572000000,3493.0,3511.0,3491.0,3493.0,3,3494.0,452,149657,5236867850.0,1418901
2020-03-11 09:06:13.067000000,3493.0,3511.0,3491.0,3493.0,6,3494.0,505,149709,5238683790.0,1418945
2020-03-11 09:06:13.572000000,3493.0,3511.0,3491.0,3492.0,523,3493.0,67,149771,5240849420.0,1418988
2020-03-11 09:06:14.061000000,3493.0,3511.0,3491.0,3492.0,553,3493.0,94,149773,5240919280.0,1418986
2020-03-11 09:06:14.571000000,3492.0,3511.0,3491.0,3492.0,548,3493.0,102,149779,5241128800.0,1418991
2020-03-11 09:06:15.067000000,3493.0,3511.0,3491.0,3492.0,547,3493.0,125,149837,5243154710.0,1418990
2020-03-11 09:06:15.567000000,3492.0,3511.0,3491.0,3492.0,542,3493.0,121,149889,5244970710.0,1419024
2020-03-11 09:06:16.069000000,3493.0,3511.0,3491.0,3492.0,556,3493.0,114,149910,5245704210.0,1419024
2020-03-11 09:06:16.564000000,3493.0,3511.0,3491.0,3492.0,547,3493.0,26,150044,5250384690.0,1418934
2020-03-11 09:06:17.056000000,3493.0,3511.0,3491.0,3493.0,39,3494.0,525,150083,5251746960.0,1418902
2020-03-11 09:06:17.573000000,3493.0,3511.0,3491.0,3493.0,135,3494.0,503,150089,5251956540.0,1418899
2020-03-11 09:06:18.068000000,3493.0,3511.0,3491.0,3493.0,96,3494.0,490,150158,5254366710.0,1418850
2020-03-11 09:06:18.571000000,3493.0,3511.0,3491.0,3492.0,667,3493.0,19,150250,5257580290.0,1418913
2020-03-11 09:06:19.059000000,3493.0,3511.0,3491.0,3493.0,37,3494.0,482,150302,5259396860.0,1418935
2020-03-11 09:06:19.573000000,3493.0,3511.0,3491.0,3493.0,27,3494.0,509,150325,5260200290.0,1418927
2020-03-11 09:06:20.068000000,3492.0,3511.0,3491.0,3492.0,716,3493.0,50,150360,5261422820.0,1418909
2020-03-11 09:06:20.569000000,3493.0,3511.0,3491.0,3493.0,6,3494.0,513,150411,5263204250.0,1418864
2020-03-11 09:06:21.070000000,3494.0,3511.0,3491.0,3492.0,701,3494.0,489,150498,5266243240.0,1418915
2020-03-11 09:06:21.559000000,3493.0,3511.0,3491.0,3493.0,101,3494.0,494,150505,5266487750.0,1418909
2020-03-11 09:06:22.064000000,3493.0,3511.0,3491.0,3493.0,97,3494.0,486,150512,5266732280.0,1418911
2020-03-11 09:06:22.573000000,3493.0,3511.0,3491.0,3493.0,95,3494.0,470,150515,5266837070.0,1418914
2020-03-11 09:06:23.056000000,3493.0,3511.0,3491.0,3493.0,88,3494.0,491,150523,5267116520.0,1418921
2020-03-11 09:06:23.569000000,3493.0,3511.0,3491.0,3493.0,83,3494.0,511,150530,5267361030.0,1418928
2020-03-11 09:06:24.065000000,3494.0,3511.0,3491.0,3492.0,723,3493.0,1,150616,5270365020.0,1419011
2020-03-11 09:06:24.571000000,3493.0,3511.0,3491.0,3492.0,730,3493.0,8,150617,5270399950.0,1419012
2020-03-11 09:06:25.071000000,3493.0,3511.0,3491.0,3492.0,732,3493.0,29,150629,5270819100.0,1419012
2020-03-11 09:06:25.569000000,3493.0,3511.0,3491.0,3492.0,804,3493.0,27,150634,5270993750.0,1419016
2020-03-11 09:06:26.070000000,3493.0,3511.0,3491.0,3492.0,808,3493.0,43,150639,5271168390.0,1419019
2020-03-11 09:06:26.572000000,3493.0,3511.0,3491.0,3492.0,810,3493.0,68,150751,5275080530.0,1419032
2020-03-11 09:06:27.072000000,3493.0,3511.0,3491.0,3492.0,809,3493.0,68,150757,5275290090.0,1419030
2020-03-11 09:06:27.566000000,3493.0,3511.0,3491.0,3492.0,806,3493.0,86,150774,5275883850.0,1419017
2020-03-11 09:06:28.071000000,3493.0,3511.0,3491.0,3492.0,774,3493.0,27,150899,5280249710.0,1419064
2020-03-11 09:06:28.566000000,3492.0,3511.0,3491.0,3492.0,741,3494.0,526,150965,5282554740.0,1419081
2020-03-11 09:06:29.073000000,3492.0,3511.0,3491.0,3493.0,94,3494.0,526,150976,5282938860.0,1419088
2020-03-11 09:06:29.571000000,3494.0,3511.0,3491.0,3493.0,142,3494.0,533,150981,5283113500.0,1419091
2020-03-11 09:06:30.071000000,3493.0,3511.0,3491.0,3493.0,137,3494.0,534,150987,5283323080.0,1419096
2020-03-11 09:06:30.567000000,3494.0,3511.0,3491.0,3493.0,10,3494.0,540,151147,5288911890.0,1419155
2020-03-11 09:06:31.046000000,3493.0,3511.0,3491.0,3493.0,8,3494.0,539,151165,5289540730.0,1419171
2020-03-11 09:06:31.573000000,3493.0,3511.0,3491.0,3492.0,797,3493.0,9,151181,5290099600.0,1419168
2020-03-11 09:06:32.050000000,3492.0,3511.0,3491.0,3492.0,741,3493.0,42,151188,5290344050.0,1419173
2020-03-11 09:06:32.564000000,3493.0,3511.0,3491.0,3492.0,742,3493.0,33,151206,5290972790.0,1419172
2020-03-11 09:06:33.072000000,3493.0,3511.0,3491.0,3492.0,735,3493.0,26,151297,5294151340.0,1419232
2020-03-11 09:06:33.559000000,3493.0,3511.0,3491.0,3493.0,10,3494.0,563,151332,5295373890.0,1419221
2020-03-11 09:06:34.056000000,3492.0,3511.0,3491.0,3493.0,116,3494.0,553,151441,5299180440.0,1419227
2020-03-11 09:06:34.567000000,3493.0,3511.0,3491.0,3492.0,837,3493.0,99,151570,5303686470.0,1419221
2020-03-11 09:06:35.067000000,3493.0,3511.0,3491.0,3493.0,12,3494.0,472,151775,5310847900.0,1419223
2020-03-11 09:06:35.572000000,3494.0,3511.0,3491.0,3493.0,125,3494.0,466,151822,5312489670.0,1419224
2020-03-11 09:06:36.064000000,3493.0,3511.0,3491.0,3493.0,41,3494.0,461,151937,5316506640.0,1419266
2020-03-11 09:06:36.549000000,3493.0,3511.0,3491.0,3493.0,20,3494.0,516,151950,5316960730.0,1419268
2020-03-11 09:06:37.063000000,3493.0,3511.0,3491.0,3493.0,4,3494.0,536,151966,5317519610.0,1419271
2020-03-11 09:06:37.571000000,3492.0,3511.0,3491.0,3492.0,857,3493.0,29,151991,5318392660.0,1419275
2020-03-11 09:06:38.069000000,3493.0,3511.0,3491.0,3493.0,2,3494.0,544,152069,5321117210.0,1419318
2020-03-11 09:06:38.564000000,3494.0,3511.0,3491.0,3492.0,863,3493.0,93,152074,5321291910.0,1419319
2020-03-11 09:06:39.064000000,3493.0,3511.0,3491.0,3492.0,847,3493.0,77,152098,5322130210.0,1419335
2020-03-11 09:06:39.572000000,3493.0,3511.0,3491.0,3492.0,852,3493.0,4,152176,5324854750.0,1419392
2020-03-11 09:06:40.063000000,3493.0,3511.0,3491.0,3493.0,170,3494.0,548,152214,5326182090.0,1419397
2020-03-11 09:06:40.567000000,3493.0,3511.0,3491.0,3493.0,224,3494.0,521,152263,5327893760.0,1419426
2020-03-11 09:06:41.060000000,3493.0,3511.0,3491.0,3493.0,41,3494.0,526,152468,5335054410.0,1419627
2020-03-11 09:06:41.564000000,3493.0,3511.0,3491.0,3493.0,49,3494.0,551,152480,5335473610.0,1419629
2020-03-11 09:06:42.048000000,3493.0,3511.0,3491.0,3492.0,909,3493.0,12,152553,5338023520.0,1419634
2020-03-11 09:06:42.569000000,3493.0,3511.0,3491.0,3492.0,968,3493.0,37,152569,5338582400.0,1419623
2020-03-11 09:06:43.064000000,3493.0,3511.0,3491.0,3493.0,3,3494.0,607,152615,5340189180.0,1419627
2020-03-11 09:06:43.552000000,3493.0,3511.0,3491.0,3492.0,1008,3493.0,8,152631,5340748070.0,1419629
2020-03-11 09:06:44.060000000,3493.0,3511.0,3491.0,3492.0,967,3493.0,8,152736,5344414710.0,1419678
2020-03-11 09:06:44.544000000,3493.0,3511.0,3491.0,3492.0,903,3493.0,21,152756,5345113340.0,1419682
2020-03-11 09:06:45.064000000,3493.0,3511.0,3491.0,3492.0,896,3493.0,88,152777,5345846800.0,1419685
2020-03-11 09:06:45.559000000,3493.0,3511.0,3491.0,3492.0,840,3493.0,27,152924,5350981100.0,1419686
2020-03-11 09:06:46.071000000,3493.0,3511.0,3491.0,3492.0,860,3493.0,11,152946,5351749500.0,1419702
2020-03-11 09:06:46.558000000,3493.0,3511.0,3491.0,3493.0,37,3494.0,601,153069,5356044880.0,1419776
2020-03-11 09:06:47.068000000,3493.0,3511.0,3491.0,3493.0,21,3494.0,600,153088,5356708550.0,1419773
2020-03-11 09:06:47.572000000,3493.0,3511.0,3491.0,3493.0,1,3494.0,602,153108,5357407150.0,1419763
2020-03-11 09:06:48.071000000,3493.0,3511.0,3491.0,3493.0,17,3494.0,602,153115,5357651660.0,1419767
2020-03-11 09:06:48.570000000,3493.0,3511.0,3491.0,3493.0,268,3494.0,603,153116,5357686590.0,1419767
2020-03-11 09:06:49.069000000,3493.0,3511.0,3491.0,3493.0,325,3494.0,598,153122,5357896180.0,1419771
2020-03-11 09:06:49.573000000,3493.0,3511.0,3491.0,3493.0,334,3494.0,579,153131,5358210600.0,1419769
2020-03-11 09:06:50.012000000,3493.0,3511.0,3491.0,3493.0,297,3494.0,559,153177,5359817410.0,1419769
2020-03-11 09:06:50.572000000,3493.0,3511.0,3491.0,3493.0,317,3494.0,586,153194,5360411220.0,1419767
2020-03-11 09:06:51.055000000,3493.0,3511.0,3491.0,3493.0,312,3494.0,596,153202,5360690680.0,1419764
2020-03-11 09:06:51.571000000,3493.0,3511.0,3491.0,3493.0,298,3494.0,584,153232,5361738740.0,1419741
2020-03-11 09:06:52.068000000,3493.0,3511.0,3491.0,3493.0,258,3494.0,584,153305,5364288640.0,1419680
2020-03-11 09:06:52.569000000,3493.0,3511.0,3491.0,3493.0,240,3494.0,599,153326,5365022180.0,1419671
2020-03-11 09:06:53.071000000,3493.0,3511.0,3491.0,3493.0,216,3494.0,608,153358,5366139970.0,1419649
2020-03-11 09:06:53.573000000,3493.0,3511.0,3491.0,3493.0,247,3494.0,617,153359,5366174900.0,1419649
2020-03-11 09:06:54.073000000,3494.0,3511.0,3491.0,3493.0,263,3494.0,615,153363,5366314650.0,1419649
2020-03-11 09:06:54.565000000,3493.0,3511.0,3491.0,3493.0,221,3494.0,614,153371,5366594120.0,1419648
2020-03-11 09:06:55.073000000,3493.0,3511.0,3491.0,3493.0,220,3494.0,619,153376,5366768780.0,1419647
2020-03-11 09:06:55.566000000,3494.0,3511.0,3491.0,3493.0,224,3494.0,617,153379,5366873600.0,1419647
2020-03-11 09:06:56.071000000,3493.0,3511.0,3491.0,3493.0,220,3494.0,617,153385,5367083190.0,1419647
2020-03-11 09:06:56.561000000,3493.0,3511.0,3491.0,3493.0,223,3494.0,549,153473,5370157860.0,1419683
2020-03-11 09:06:57.059000000,3494.0,3511.0,3491.0,3493.0,230,3494.0,541,153492,5370821650.0,1419667
2020-03-11 09:06:57.515000000,3493.0,3511.0,3491.0,3493.0,188,3494.0,462,153640,5375992350.0,1419694
2020-03-11 09:06:58.072000000,3494.0,3511.0,3491.0,3493.0,199,3494.0,462,153641,5376027290.0,1419693
2020-03-11 09:06:58.571000000,3494.0,3511.0,3491.0,3493.0,201,3494.0,457,153656,5376551300.0,1419703
2020-03-11 09:06:59.046000000,3493.0,3511.0,3491.0,3493.0,200,3494.0,468,153666,5376900610.0,1419713
2020-03-11 09:06:59.565000000,3493.0,3511.0,3491.0,3493.0,226,3494.0,447,153679,5377354780.0,1419719
2020-03-11 09:07:00.052000000,3493.0,3511.0,3491.0,3493.0,219,3494.0,435,153700,5378088430.0,1419725
2020-03-11 09:07:00.554000000,3494.0,3511.0,3491.0,3493.0,223,3494.0,436,153754,5379974740.0,1419751
2020-03-11 09:07:01.071000000,3493.0,3511.0,3491.0,3493.0,209,3494.0,432,153773,5380638420.0,1419762
2020-03-11 09:07:01.571000000,3493.0,3511.0,3491.0,3493.0,204,3494.0,434,153778,5380813080.0,1419763
2020-03-11 09:07:02.063000000,3493.0,3511.0,3491.0,3493.0,112,3494.0,466,153905,5385249210.0,1419717
2020-03-11 09:07:02.572000000,3493.0,3511.0,3491.0,3492.0,1206,3493.0,53,154025,5389440770.0,1419794
2020-03-11 09:07:03.063000000,3493.0,3511.0,3491.0,3492.0,1241,3493.0,128,154033,5389720210.0,1419797
2020-03-11 09:07:03.572000000,3493.0,3511.0,3491.0,3492.0,1242,3493.0,166,154036,5389825000.0,1419800
2020-03-11 09:07:04.067000000,3493.0,3511.0,3491.0,3492.0,1234,3493.0,171,154051,5390348910.0,1419812
2020-03-11 09:07:04.573000000,3492.0,3511.0,3491.0,3492.0,1132,3493.0,55,154256,5397508540.0,1419917
2020-03-11 09:07:05.070000000,3493.0,3511.0,3491.0,3492.0,1130,3493.0,179,154261,5397683170.0,1419918
2020-03-11 09:07:05.568000000,3492.0,3511.0,3491.0,3492.0,1107,3493.0,168,154296,5398905480.0,1419932
2020-03-11 09:07:06.073000000,3493.0,3511.0,3491.0,3492.0,1071,3493.0,174,154338,5400372170.0,1419968
2020-03-11 09:07:06.562000000,3492.0,3511.0,3491.0,3492.0,1091,3493.0,252,154343,5400546780.0,1419971
2020-03-11 09:07:07.052000000,3492.0,3511.0,3491.0,3492.0,1057,3493.0,265,154349,5400756310.0,1419977
2020-03-11 09:07:07.559000000,3492.0,3511.0,3491.0,3492.0,1056,3493.0,332,154352,5400861080.0,1419979
2020-03-11 09:07:08.063000000,3492.0,3511.0,3491.0,3492.0,1053,3493.0,350,154356,5401000770.0,1419979
2020-03-11 09:07:08.571000000,3492.0,3511.0,3491.0,3492.0,1151,3493.0,355,154393,5402293130.0,1419992
2020-03-11 09:07:09.071000000,3492.0,3511.0,3491.0,3492.0,1210,3493.0,355,154401,5402572510.0,1419993
2020-03-11 09:07:09.553000000,3493.0,3511.0,3491.0,3492.0,909,3493.0,337,154416,5403096440.0,1419985
2020-03-11 09:07:10.069000000,3492.0,3511.0,3491.0,3492.0,899,3493.0,351,154425,5403410740.0,1419986
2020-03-11 09:07:10.573000000,3493.0,3511.0,3491.0,3492.0,851,3493.0,337,154485,5405506040.0,1420012
2020-03-11 09:07:11.073000000,3492.0,3511.0,3491.0,3492.0,850,3493.0,345,154486,5405540960.0,1420012
2020-03-11 09:07:11.568000000,3492.0,3511.0,3491.0,3492.0,841,3493.0,359,154502,5406099720.0,1420016
2020-03-11 09:07:12.071000000,3493.0,3511.0,3491.0,3492.0,840,3493.0,424,154504,5406169570.0,1420018
2020-03-11 09:07:12.561000000,3493.0,3511.0,3491.0,3492.0,830,3493.0,437,154518,5406658500.0,1420019
2020-03-11 09:07:13.068000000,3493.0,3511.0,3491.0,3492.0,829,3493.0,434,154523,5406833140.0,1420021
2020-03-11 09:07:13.568000000,3492.0,3511.0,3491.0,3492.0,838,3493.0,418,154540,5407426880.0,1420036
2020-03-11 09:07:14.048000000,3492.0,3511.0,3491.0,3492.0,830,3493.0,365,154610,5409871860.0,1420089
2020-03-11 09:07:14.561000000,3493.0,3511.0,3491.0,3492.0,864,3493.0,152,154814,5416997560.0,1419950
2020-03-11 09:07:15.072000000,3493.0,3511.0,3491.0,3492.0,850,3493.0,150,154854,5418394470.0,1419935
2020-03-11 09:07:15.569000000,3493.0,3511.0,3491.0,3492.0,829,3493.0,157,154863,5418708830.0,1419932
2020-03-11 09:07:16.059000000,3493.0,3511.0,3491.0,3492.0,815,3493.0,164,154900,5420001090.0,1419929
2020-03-11 09:07:16.547000000,3493.0,3511.0,3491.0,3493.0,333,3494.0,434,155097,5426882220.0,1420043
2020-03-11 09:07:17.052000000,3494.0,3511.0,3491.0,3493.0,320,3494.0,433,155126,5427895200.0,1420066
2020-03-11 09:07:17.571000000,3493.0,3511.0,3491.0,3493.0,308,3494.0,435,155139,5428349290.0,1420074
2020-03-11 09:07:18.072000000,3493.0,3511.0,3491.0,3493.0,301,3494.0,484,155140,5428384220.0,1420074
2020-03-11 09:07:18.572000000,3494.0,3511.0,3491.0,3493.0,292,3494.0,467,155176,5429641960.0,1420062
2020-03-11 09:07:19.067000000,3493.0,3511.0,3491.0,3493.0,274,3494.0,469,155199,5430445360.0,1420084
2020-03-11 09:07:19.573000000,3494.0,3511.0,3491.0,3493.0,270,3494.0,485,155204,5430620020.0,1420087
2020-03-11 09:07:20.060000000,3493.0,3511.0,3491.0,3493.0,266,3494.0,482,155214,5430969370.0,1420094
2020-03-11 09:07:20.566000000,3494.0,3511.0,3491.0,3493.0,313,3494.0,479,155221,5431213920.0,1420099
2020-03-11 09:07:21.072000000,3493.0,3511.0,3491.0,3493.0,351,3494.0,479,155236,5431737890.0,1420099
2020-03-11 09:07:21.568000000,3493.0,3511.0,3491.0,3493.0,340,3494.0,484,155250,5432226930.0,1420111
2020-03-11 09:07:22.065000000,3494.0,3511.0,3491.0,3493.0,349,3494.0,470,155268,5432855820.0,1420112
2020-03-11 09:07:22.569000000,3493.0,3511.0,3491.0,3493.0,349,3494.0,457,155276,5433135290.0,1420118
2020-03-11 09:07:23.054000000,3493.0,3511.0,3491.0,3493.0,297,3494.0,439,155338,5435300990.0,1420127
2020-03-11 09:07:23.567000000,3493.0,3511.0,3491.0,3493.0,289,3494.0,461,155347,5435615360.0,1420132
2020-03-11 09:07:24.064000000,3494.0,3511.0,3491.0,3493.0,316,3494.0,461,155353,5435824960.0,1420136
2020-03-11 09:07:24.574000000,3493.0,3511.0,3491.0,3493.0,316,3494.0,459,155357,5435964710.0,1420139
2020-03-11 09:07:25.064000000,3493.0,3511.0,3491.0,3493.0,314,3494.0,461,155361,5436104430.0,1420141
2020-03-11 09:07:25.571000000,3493.0,3511.0,3491.0,3493.0,309,3494.0,466,155368,5436348950.0,1420148
2020-03-11 09:07:26.070000000,3494.0,3511.0,3491.0,3493.0,314,3494.0,491,155370,5436418830.0,1420150
2020-03-11 09:07:26.572000000,3493.0,3511.0,3491.0,3493.0,312,3494.0,493,155373,5436523620.0,1420151
2020-03-11 09:07:27.071000000,3493.0,3511.0,3491.0,3493.0,310,3494.0,490,155384,5436907890.0,1420158
2020-03-11 09:07:27.570000000,3493.0,3511.0,3491.0,3493.0,310,3494.0,471,155396,5437327140.0,1420161
2020-03-11 09:07:28.072000000,3493.0,3511.0,3491.0,3493.0,345,3494.0,442,155403,5437571650.0,1420167
2020-03-11 09:07:28.535000000,3494.0,3511.0,3491.0,3493.0,378,3494.0,434,155446,5439073750.0,1420169
2020-03-11 09:07:29.049000000,3494.0,3511.0,3491.0,3493.0,417,3494.0,412,155490,5440610940.0,1420193
2020-03-11 09:07:29.555000000,3494.0,3511.0,3491.0,3493.0,360,3494.0,458,155558,5442986250.0,1420241
2020-03-11 09:07:30.072000000,3494.0,3511.0,3491.0,3493.0,345,3494.0,483,155570,5443405430.0,1420250
2020-03-11 09:07:30.559000000,3493.0,3511.0,3491.0,3493.0,300,3494.0,513,155575,5443580080.0,1420254
2020-03-11 09:07:31.066000000,3494.0,3511.0,3491.0,3493.0,301,3494.0,438,155622,5445222160.0,1420243
2020-03-11 09:07:31.550000000,3493.0,3511.0,3491.0,3493.0,367,3494.0,470,155641,5445886010.0,1420242
2020-03-11 09:07:32.062000000,3493.0,3511.0,3491.0,3493.0,357,3494.0,428,155682,5447318430.0,1420230
2020-03-11 09:07:32.559000000,3494.0,3511.0,3491.0,3493.0,346,3494.0,414,155729,5448960500.0,1420202
2020-03-11 09:07:33.069000000,3494.0,3511.0,3491.0,3493.0,308,3494.0,414,155788,5451021530.0,1420191
2020-03-11 09:07:33.565000000,3493.0,3511.0,3491.0,3493.0,307,3494.0,456,155793,5451196200.0,1420196
2020-03-11 09:07:34.071000000,3493.0,3511.0,3491.0,3493.0,253,3494.0,522,155849,5453152320.0,1420187
2020-03-11 09:07:34.563000000,3494.0,3511.0,3491.0,3493.0,212,3494.0,565,155882,5454305330.0,1420175
2020-03-11 09:07:35.060000000,3493.0,3511.0,3491.0,3493.0,210,3494.0,567,155890,5454584830.0,1420181
2020-03-11 09:07:35.567000000,3493.0,3511.0,3491.0,3493.0,222,3494.0,555,155902,5455004060.0,1420176
2020-03-11 09:07:36.058000000,3493.0,3511.0,3491.0,3493.0,221,3494.0,550,155915,5455458210.0,1420177
2020-03-11 09:07:36.570000000,3494.0,3511.0,3491.0,3493.0,221,3494.0,555,155916,5455493150.0,1420178
2020-03-11 09:07:37.065000000,3494.0,3511.0,3491.0,3493.0,197,3494.0,551,155950,5456680810.0,1420195
2020-03-11 09:07:37.568000000,3494.0,3511.0,3491.0,3493.0,200,3494.0,562,155951,5456715750.0,1420194
2020-03-11 09:07:38.069000000,3493.0,3511.0,3491.0,3493.0,170,3494.0,565,155975,5457554090.0,1420214
2020-03-11 09:07:38.567000000,3493.0,3511.0,3491.0,3493.0,9,3494.0,561,156141,5463352470.0,1420252
2020-03-11 09:07:39.051000000,3493.0,3511.0,3491.0,3492.0,1007,3493.0,31,156157,5463911340.0,1420260
2020-03-11 09:07:39.574000000,3493.0,3511.0,3491.0,3492.0,1021,3493.0,8,156297,5468801750.0,1420190
2020-03-11 09:07:40.065000000,3493.0,3511.0,3491.0,3492.0,1024,3493.0,74,156300,5468906540.0,1420190
2020-03-11 09:07:40.571000000,3493.0,3511.0,3491.0,3492.0,1004,3493.0,65,156329,5469919310.0,1420214
2020-03-11 09:07:41.062000000,3492.0,3511.0,3491.0,3492.0,1004,3493.0,62,156333,5470059020.0,1420217
2020-03-11 09:07:41.562000000,3493.0,3511.0,3491.0,3492.0,1004,3493.0,79,156364,5471141850.0,1420211
2020-03-11 09:07:42.069000000,3493.0,3511.0,3491.0,3492.0,996,3493.0,83,156386,5471910200.0,1420232
2020-03-11 09:07:42.566000000,3493.0,3511.0,3491.0,3492.0,996,3493.0,75,156409,5472713580.0,1420225
2020-03-11 09:07:43.069000000,3493.0,3511.0,3491.0,3492.0,996,3493.0,62,156419,5473062820.0,1420231
2020-03-11 09:07:43.573000000,3492.0,3511.0,3491.0,3492.0,989,3493.0,63,156428,5473377130.0,1420235
2020-03-11 09:07:44.068000000,3493.0,3511.0,3491.0,3492.0,984,3493.0,59,156433,5473551780.0,1420238
2020-03-11 09:07:44.543000000,3493.0,3511.0,3491.0,3492.0,985,3493.0,57,156438,5473726420.0,1420243
2020-03-11 09:07:45.073000000,3493.0,3511.0,3491.0,3492.0,974,3493.0,55,156452,5474215330.0,1420257
2020-03-11 09:07:45.553000000,3492.0,3511.0,3491.0,3492.0,963,3493.0,62,156464,5474634380.0,1420259
2020-03-11 09:07:46.067000000,3493.0,3511.0,3491.0,3492.0,963,3493.0,76,156466,5474704230.0,1420261
2020-03-11 09:07:46.566000000,3493.0,3511.0,3491.0,3492.0,864,3493.0,78,156582,5478754990.0,1420348
2020-03-11 09:07:47.066000000,3492.0,3511.0,3491.0,3492.0,861,3493.0,101,156587,5478929610.0,1420345
2020-03-11 09:07:47.573000000,3492.0,3511.0,3491.0,3492.0,859,3493.0,104,156589,5478999450.0,1420343
2020-03-11 09:07:48.058000000,3492.0,3511.0,3491.0,3492.0,862,3493.0,336,156601,5479418560.0,1420338
2020-03-11 09:07:48.567000000,3493.0,3511.0,3491.0,3492.0,346,3493.0,354,157119,5497507180.0,1420592
2020-03-11 09:07:49.073000000,3492.0,3511.0,3491.0,3491.0,1043,3492.0,76,157435,5508541880.0,1420697
2020-03-11 09:07:49.567000000,3492.0,3511.0,3491.0,3491.0,1005,3492.0,237,157496,5510671990.0,1420704
2020-03-11 09:07:50.071000000,3492.0,3511.0,3491.0,3491.0,1004,3492.0,282,157504,5510951350.0,1420711
2020-03-11 09:07:50.500000000,3491.0,3511.0,3491.0,3491.0,989,3492.0,273,157509,5511125940.0,1420710
2020-03-11 09:07:51.060000000,3491.0,3511.0,3491.0,3491.0,981,3492.0,459,157552,5512627240.0,1420706
2020-03-11 09:07:51.515000000,3492.0,3511.0,3491.0,3491.0,973,3492.0,491,157560,5512906570.0,1420707
2020-03-11 09:07:52.058000000,3491.0,3511.0,3491.0,3491.0,967,3492.0,495,157563,5513011300.0,1420706
2020-03-11 09:07:52.538000000,3491.0,3511.0,3491.0,3491.0,438,3492.0,389,158093,5531513610.0,1420266
2020-03-11 09:07:53.074000000,3491.0,3511.0,3491.0,3490.0,2505,3491.0,173,158537,5547013650.0,1420406
2020-03-11 09:07:53.571000000,3490.0,3511.0,3490.0,3490.0,2471,3491.0,380,158585,5548688990.0,1420420
2020-03-11 09:07:54.072000000,3490.0,3511.0,3490.0,3490.0,2301,3491.0,404,158753,5554552330.0,1420451
2020-03-11 09:07:54.552000000,3491.0,3511.0,3490.0,3490.0,2264,3491.0,442,158799,5556157860.0,1420458
2020-03-11 09:07:55.064000000,3491.0,3511.0,3490.0,3490.0,2233,3491.0,440,158848,5557868090.0,1420494
2020-03-11 09:07:55.553000000,3490.0,3511.0,3490.0,3490.0,2218,3491.0,441,158871,5558670820.0,1420499
2020-03-11 09:07:56.073000000,3491.0,3511.0,3490.0,3490.0,2202,3491.0,531,158890,5559333940.0,1420511
2020-03-11 09:07:56.559000000,3491.0,3511.0,3490.0,3490.0,2197,3491.0,522,158909,5559997140.0,1420523
2020-03-11 09:07:57.053000000,3490.0,3511.0,3490.0,3490.0,2083,3491.0,512,159038,5564499380.0,1420550
2020-03-11 09:07:57.566000000,3490.0,3511.0,3490.0,3490.0,2056,3491.0,518,159071,5565651120.0,1420565
2020-03-11 09:07:58.066000000,3491.0,3511.0,3490.0,3490.0,2056,3491.0,504,159095,5566488890.0,1420584
2020-03-11 09:07:58.566000000,3491.0,3511.0,3490.0,3490.0,2047,3491.0,511,159115,5567186970.0,1420595
2020-03-11 09:07:59.070000000,3491.0,3511.0,3490.0,3490.0,1874,3491.0,503,159304,5573783230.0,1420596
2020-03-11 09:07:59.565000000,3491.0,3511.0,3490.0,3490.0,1872,3491.0,505,159314,5574132270.0,1420601
2020-03-11 09:08:00.063000000,3490.0,3511.0,3490.0,3490.0,1818,3491.0,520,159369,5576051790.0,1420598
2020-03-11 09:08:00.573000000,3490.0,3511.0,3490.0,3490.0,1610,3491.0,539,159584,5583555300.0,1420718
2020-03-11 09:08:01.073000000,3490.0,3511.0,3490.0,3490.0,1551,3491.0,537,159648,5585788940.0,1420753
2020-03-11 09:08:01.561000000,3490.0,3511.0,3490.0,3490.0,1560,3491.0,676,159687,5587150060.0,1420765
2020-03-11 09:08:02.061000000,3490.0,3511.0,3490.0,3490.0,1548,3491.0,688,159710,5587952790.0,1420781
2020-03-11 09:08:02.568000000,3491.0,3511.0,3490.0,3490.0,1506,3491.0,789,159761,5589732750.0,1420794
2020-03-11 09:08:03.046000000,3490.0,3511.0,3490.0,3490.0,1489,3491.0,682,159896,5594445310.0,1420924
2020-03-11 09:08:03.560000000,3490.0,3511.0,3490.0,3490.0,1430,3491.0,659,160022,5598842940.0,1420942
2020-03-11 09:08:04.058000000,3490.0,3511.0,3490.0,3490.0,1405,3491.0,696,160047,5599715470.0,1420959
2020-03-11 09:08:04.574000000,3490.0,3511.0,3490.0,3490.0,1366,3491.0,687,160102,5601635060.0,1420960
2020-03-11 09:08:05.048000000,3490.0,3511.0,3490.0,3490.0,1348,3491.0,685,160121,5602298210.0,1420961
2020-03-11 09:08:05.537000000,3490.0,3511.0,3490.0,3490.0,1341,3491.0,706,160149,5603275430.0,1420958
2020-03-11 09:08:06.069000000,3490.0,3511.0,3490.0,3490.0,1071,3491.0,714,160426,5612942790.0,1421134
2020-03-11 09:08:06.572000000,3491.0,3511.0,3490.0,3490.0,945,3491.0,735,160554,5617410040.0,1421156
2020-03-11 09:08:07.073000000,3490.0,3511.0,3490.0,3490.0,231,3491.0,640,161294,5643236170.0,1421148
2020-03-11 09:08:07.563000000,3489.0,3511.0,3489.0,3489.0,471,3490.0,369,161525,5651298060.0,1421076
2020-03-11 09:08:08.072000000,3490.0,3511.0,3489.0,3489.0,234,3490.0,524,161772,5659916240.0,1420960
2020-03-11 09:08:08.569000000,3490.0,3511.0,3489.0,3489.0,216,3490.0,621,161789,5660509390.0,1420962
2020-03-11 09:08:09.067000000,3489.0,3511.0,3489.0,3489.0,203,3490.0,634,161801,5660928070.0,1420963
2020-03-11 09:08:09.569000000,3489.0,3511.0,3489.0,3489.0,205,3490.0,671,161823,5661695740.0,1420968
2020-03-11 09:08:10.063000000,3490.0,3511.0,3489.0,3489.0,188,3490.0,632,161853,5662742550.0,1420974
2020-03-11 09:08:10.573000000,3489.0,3511.0,3489.0,3489.0,221,3490.0,618,161940,5665778190.0,1421011
2020-03-11 09:08:11.066000000,3489.0,3511.0,3489.0,3489.0,271,3490.0,608,161962,5666545800.0,1421016
2020-03-11 09:08:11.571000000,3489.0,3511.0,3489.0,3489.0,270,3490.0,913,162024,5668709090.0,1421015
2020-03-11 09:08:12.072000000,3489.0,3511.0,3489.0,3489.0,224,3490.0,860,162059,5669930310.0,1421014
2020-03-11 09:08:12.551000000,3490.0,3511.0,3489.0,3489.0,42,3490.0,861,162286,5677850370.0,1420998
2020-03-11 09:08:13.074000000,3488.0,3511.0,3488.0,3488.0,794,3489.0,32,162426,5682734250.0,1420952
2020-03-11 09:08:13.568000000,3490.0,3511.0,3488.0,3490.0,25,3491.0,233,163768,5729570380.0,1421057
2020-03-11 09:08:14.067000000,3490.0,3511.0,3488.0,3490.0,401,3491.0,276,163819,5731350360.0,1421070
2020-03-11 09:08:14.574000000,3490.0,3511.0,3488.0,3490.0,546,3491.0,242,163953,5736027520.0,1420992
2020-03-11 09:08:15.073000000,3491.0,3511.0,3488.0,3491.0,49,3492.0,275,164259,5746709550.0,1420878
2020-03-11 09:08:15.570000000,3491.0,3511.0,3488.0,3491.0,23,3492.0,334,164479,5754389750.0,1420823
2020-03-11 09:08:16.065000000,3490.0,3511.0,3488.0,3490.0,318,3491.0,194,164536,5756379350.0,1420841
2020-03-11 09:08:16.572000000,3490.0,3511.0,3488.0,3490.0,285,3491.0,360,164544,5756658570.0,1420840
2020-03-11 09:08:17.073000000,3490.0,3511.0,3488.0,3490.0,250,3491.0,440,164555,5757042490.0,1420839
