datetime,KQ.m@SHFE.rb.last_price,KQ.m@SHFE.rb.highest,KQ.m@SHFE.rb.lowest,KQ.m@SHFE.rb.bid_price1,KQ.m@SHFE.rb.bid_volume1,KQ.m@SHFE.rb.ask_price1,KQ.m@SHFE.rb.ask_volume1,KQ.m@SHFE.rb.volume,KQ.m@SHFE.rb.amount,KQ.m@SHFE.rb.open_interest
2020-03-10 09:00:00.576000000,3438.0,3438.0,3432.0,3431.0,239,3437.0,2,3111,106949790.0,1426592
2020-03-10 09:00:01.076000000,3439.0,3439.0,3432.0,3438.0,354,3439.0,223,5382,185014790.0,1427473
2020-03-10 09:00:01.576000000,3439.0,3443.0,3432.0,3439.0,1198,3441.0,127,6671,229357690.0,1427737
2020-03-10 09:00:02.073000000,3441.0,3445.0,3432.0,3441.0,112,3442.0,11,8159,280576230.0,1427617
2020-03-10 09:00:02.575000000,3442.0,3448.0,3432.0,3442.0,1973,3444.0,36,8862,304783340.0,1427611
2020-03-10 09:00:03.072000000,3446.0,3448.0,3432.0,3445.0,6,3446.0,6,9559,328785080.0,1427833
2020-03-10 09:00:03.574000000,3446.0,3449.0,3432.0,3446.0,631,3448.0,107,11174,384453180.0,1427506
2020-03-10 09:00:04.076000000,3448.0,3449.0,3432.0,3448.0,24,3449.0,501,11938,410794800.0,1427482
2020-03-10 09:00:04.576000000,3448.0,3450.0,3432.0,3448.0,3,3449.0,27,13731,472625290.0,1427681
2020-03-10 09:00:05.075000000,3447.0,3450.0,3432.0,3447.0,9,3448.0,37,14676,505211690.0,1427645
2020-03-10 09:00:05.575000000,3448.0,3450.0,3432.0,3447.0,3,3448.0,138,15325,527582570.0,1427545
2020-03-10 09:00:06.074000000,3447.0,3450.0,3432.0,3446.0,136,3447.0,163,15965,549642700.0,1427706
2020-03-10 09:00:06.576001000,3447.0,3450.0,3432.0,3446.0,124,3447.0,219,16409,564945680.0,1427655
2020-03-10 09:00:07.075000000,3446.0,3450.0,3432.0,3445.0,12,3446.0,5,16859,580452930.0,1427532
2020-03-10 09:00:07.576000000,3445.0,3450.0,3432.0,3445.0,41,3447.0,162,17494,602338400.0,1427763
2020-03-10 09:00:08.076000000,3446.0,3450.0,3432.0,3445.0,154,3446.0,99,17646,607575470.0,1427744
2020-03-10 09:00:08.575000000,3445.0,3450.0,3432.0,3444.0,396,3445.0,145,18907,651027280.0,1427398
2020-03-10 09:00:09.075000000,3445.0,3450.0,3432.0,3445.0,411,3446.0,277,19248,662775220.0,1427360
2020-03-10 09:00:09.575000000,3445.0,3450.0,3432.0,3445.0,283,3446.0,24,19734,679521390.0,1427218
2020-03-10 09:00:10.076000000,3447.0,3450.0,3432.0,3446.0,2,3447.0,323,20175,694715920.0,1427229
2020-03-10 09:00:10.573000000,3445.0,3450.0,3432.0,3445.0,27,3446.0,9,20525,706776090.0,1427182
2020-03-10 09:00:11.076000000,3445.0,3450.0,3432.0,3445.0,18,3446.0,189,20846,717835940.0,1427256
2020-03-10 09:00:11.575000000,3446.0,3450.0,3432.0,3445.0,2,3446.0,170,21139,727930720.0,1427171
2020-03-10 09:00:12.072000000,3444.0,3450.0,3432.0,3444.0,260,3445.0,14,21395,736751790.0,1427216
2020-03-10 09:00:12.576000000,3445.0,3450.0,3432.0,3445.0,22,3446.0,15,21966,756423970.0,1427481
2020-03-10 09:00:13.076000000,3445.0,3450.0,3432.0,3445.0,131,3446.0,33,22468,773721270.0,1427664
2020-03-10 09:00:13.576000000,3445.0,3450.0,3432.0,3444.0,181,3445.0,1,22854,787021080.0,1427647
2020-03-10 09:00:14.076000000,3445.0,3450.0,3432.0,3444.0,177,3445.0,139,23564,811487870.0,1427805
2020-03-10 09:00:14.576000000,3445.0,3450.0,3432.0,3446.0,83,3447.0,46,24191,833089520.0,1427786
2020-03-10 09:00:15.074000000,3445.0,3450.0,3432.0,3445.0,3,3446.0,35,24529,844735680.0,1427849
2020-03-10 09:00:15.576000000,3445.0,3450.0,3432.0,3444.0,57,3445.0,968,24888,857101910.0,1427865
2020-03-10 09:00:16.075000000,3444.0,3450.0,3432.0,3442.0,225,3444.0,1647,25252,869636480.0,1427761
2020-03-10 09:00:16.575000000,3443.0,3450.0,3432.0,3442.0,44,3443.0,858,25952,893731770.0,1427819
2020-03-10 09:00:17.072000000,3441.0,3450.0,3432.0,3440.0,270,3441.0,17,26121,899547540.0,1427814
2020-03-10 09:00:17.569000000,3439.0,3450.0,3432.0,3439.0,372,3440.0,626,26833,924043860.0,1428308
2020-03-10 09:00:18.076000000,3439.0,3450.0,3432.0,3438.0,594,3439.0,336,27342,941547860.0,1428408
2020-03-10 09:00:18.575000000,3438.0,3450.0,3432.0,3437.0,569,3438.0,115,28376,977096730.0,1428579
2020-03-10 09:00:19.075000000,3438.0,3450.0,3432.0,3436.0,25,3437.0,48,29318,1009475570.0,1428690
2020-03-10 09:00:19.575000000,3437.0,3450.0,3432.0,3436.0,1,3437.0,106,29646,1020746280.0,1428630
2020-03-10 09:00:20.074000000,3436.0,3450.0,3432.0,3435.0,29,3436.0,46,30205,1039956980.0,1428737
2020-03-10 09:00:20.576000000,3438.0,3450.0,3432.0,3436.0,159,3438.0,206,30632,1054629750.0,1428675
2020-03-10 09:00:21.076000000,3436.0,3450.0,3432.0,3436.0,68,3437.0,231,31304,1077727700.0,1428754
2020-03-10 09:00:21.576000000,3436.0,3450.0,3432.0,3435.0,65,3436.0,434,32218,1109141810.0,1428930
2020-03-10 09:00:22.072000000,3436.0,3450.0,3432.0,3435.0,542,3436.0,5,32923,1133363920.0,1428906
2020-03-10 09:00:22.575000000,3435.0,3450.0,3432.0,3435.0,215,3436.0,11,34140,1175182580.0,1428506
2020-03-10 09:00:23.076000000,3437.0,3450.0,3432.0,3437.0,173,3438.0,5,34488,1187141590.0,1428531
2020-03-10 09:00:23.574000000,3438.0,3450.0,3432.0,3438.0,1315,3439.0,43,34764,1196630660.0,1428672
2020-03-10 09:00:24.073000000,3439.0,3450.0,3432.0,3439.0,1370,3440.0,140,35059,1206775770.0,1428717
2020-03-10 09:00:24.575000000,3440.0,3450.0,3432.0,3440.0,931,3442.0,55,35424,1219333510.0,1428756
2020-03-10 09:00:25.076000000,3441.0,3450.0,3432.0,3441.0,42,3442.0,401,35623,1226180810.0,1428859
2020-03-10 09:00:25.575000000,3440.0,3450.0,3432.0,3440.0,819,3441.0,53,35808,1232546210.0,1428805
2020-03-10 09:00:26.076000000,3441.0,3450.0,3432.0,3440.0,813,3441.0,179,35984,1238602130.0,1428707
2020-03-10 09:00:26.570000000,3441.0,3450.0,3432.0,3440.0,557,3441.0,179,36094,1242386680.0,1428669
2020-03-10 09:00:27.075000000,3441.0,3450.0,3432.0,3440.0,531,3441.0,153,36170,1245001470.0,1428668
2020-03-10 09:00:27.576000000,3441.0,3450.0,3432.0,3440.0,516,3441.0,48,36355,1251366860.0,1428689
2020-03-10 09:00:28.076000000,3442.0,3450.0,3432.0,3441.0,197,3442.0,415,36902,1270185130.0,1428790
2020-03-10 09:00:28.576000000,3440.0,3450.0,3432.0,3439.0,495,3440.0,168,37617,1294783880.0,1428829
2020-03-10 09:00:29.075000000,3438.0,3450.0,3432.0,3438.0,327,3439.0,278,38240,1316208380.0,1428718
2020-03-10 09:00:29.576000000,3438.0,3450.0,3432.0,3436.0,74,3438.0,212,39977,1375912580.0,1428262
2020-03-10 09:00:30.076000000,3437.0,3450.0,3432.0,3436.0,41,3437.0,325,40117,1380723050.0,1428207
2020-03-10 09:00:30.576000000,3435.0,3450.0,3432.0,3435.0,73,3436.0,525,40477,1393090650.0,1428232
2020-03-10 09:00:31.074000000,3435.0,3450.0,3432.0,3434.0,89,3435.0,1060,40629,1398311840.0,1428216
2020-03-10 09:00:31.576000000,3434.0,3450.0,3432.0,3433.0,149,3434.0,549,40957,1409575300.0,1428363
2020-03-10 09:00:32.075000000,3432.0,3450.0,3432.0,3432.0,71,3433.0,103,41493,1427978970.0,1428604
2020-03-10 09:00:32.573000000,3432.0,3450.0,3431.0,3431.0,336,3432.0,22,41913,1442394690.0,1428565
2020-03-10 09:00:33.073000000,3432.0,3450.0,3431.0,3432.0,68,3433.0,32,42092,1448538590.0,1428534
2020-03-10 09:00:33.576000000,3434.0,3450.0,3431.0,3433.0,10,3434.0,520,42524,1463370940.0,1428807
2020-03-10 09:00:34.071000000,3432.0,3450.0,3431.0,3431.0,418,3432.0,423,43054,1481566640.0,1428985
2020-03-10 09:00:34.576000000,3434.0,3450.0,3431.0,3434.0,6,3435.0,203,44360,1526408310.0,1429870
2020-03-10 09:00:35.073000000,3435.0,3450.0,3431.0,3434.0,589,3435.0,6,44911,1545334360.0,1429927
2020-03-10 09:00:35.576000000,3435.0,3450.0,3431.0,3435.0,1053,3436.0,578,45581,1568351790.0,1430258
2020-03-10 09:00:36.076000000,3436.0,3450.0,3431.0,3436.0,663,3438.0,97,46444,1598004990.0,1430600
2020-03-10 09:00:36.574000000,3437.0,3450.0,3431.0,3437.0,37,3438.0,3,47134,1621718150.0,1430986
2020-03-10 09:00:37.075000000,3436.0,3450.0,3431.0,3436.0,368,3438.0,200,47317,1628009070.0,1431032
2020-03-10 09:00:37.576000000,3436.0,3450.0,3431.0,3436.0,51,3437.0,209,48001,1651514410.0,1431120
2020-03-10 09:00:38.071000000,3435.0,3450.0,3431.0,3435.0,3,3436.0,633,48269,1660720970.0,1431085
2020-03-10 09:00:38.573000000,3434.0,3450.0,3431.0,3433.0,1,3434.0,5,48862,1681081550.0,1430814
2020-03-10 09:00:39.074000000,3433.0,3450.0,3431.0,3432.0,12,3433.0,445,48918,1683004010.0,1430833
2020-03-10 09:00:39.576000000,3432.0,3450.0,3431.0,3431.0,816,3432.0,64,49058,1687808760.0,1430784
2020-03-10 09:00:40.074000000,3433.0,3450.0,3431.0,3432.0,22,3433.0,432,49271,1695119570.0,1430806
2020-03-10 09:00:40.576000000,3431.0,3450.0,3431.0,3431.0,591,3432.0,36,50091,1723261600.0,1431197
2020-03-10 09:00:41.076000000,3433.0,3450.0,3431.0,3432.0,2,3433.0,128,50373,1732938840.0,1431308
2020-03-10 09:00:41.573000000,3433.0,3450.0,3431.0,3432.0,20,3433.0,69,50527,1738224690.0,1431299
2020-03-10 09:00:42.076000000,3432.0,3450.0,3431.0,3431.0,474,3432.0,437,50732,1745261070.0,1431389
2020-03-10 09:00:42.576000000,3431.0,3450.0,3431.0,3431.0,417,3432.0,350,50977,1753668380.0,1431484
2020-03-10 09:00:43.072000000,3431.0,3450.0,3431.0,3431.0,350,3432.0,191,51163,1760051430.0,1431581
2020-03-10 09:00:43.575000000,3431.0,3450.0,3431.0,3431.0,98,3432.0,227,51528,1772575000.0,1431437
2020-03-10 09:00:44.076000000,3431.0,3450.0,3431.0,3430.0,1039,3431.0,592,51784,1781358550.0,1431468
2020-03-10 09:00:44.576000000,3431.0,3450.0,3430.0,3430.0,854,3431.0,660,52034,1789934120.0,1431564
2020-03-10 09:00:45.076000000,3430.0,3450.0,3430.0,3429.0,429,3430.0,69,52961,1821730800.0,1431565
2020-03-10 09:00:45.570000000,3430.0,3450.0,3429.0,3429.0,137,3430.0,454,53294,1833149760.0,1431483
2020-03-10 09:00:46.073000000,3429.0,3450.0,3428.0,3428.0,1313,3429.0,220,53542,1841653640.0,1431315
2020-03-10 09:00:46.575000000,3428.0,3450.0,3428.0,3428.0,1387,3429.0,817,53687,1846624930.0,1431238
2020-03-10 09:00:47.075000000,3428.0,3450.0,3428.0,3428.0,1265,3429.0,272,54437,1872340800.0,1431054
2020-03-10 09:00:47.573000000,3429.0,3450.0,3428.0,3428.0,1151,3429.0,255,54949,1889895500.0,1431053
2020-03-10 09:00:48.076000000,3428.0,3450.0,3428.0,3428.0,1108,3429.0,184,55398,1905291220.0,1431002
2020-03-10 09:00:48.574000000,3428.0,3450.0,3428.0,3429.0,11,3430.0,310,56172,1931827200.0,1431271
2020-03-10 09:00:49.075000000,3429.0,3450.0,3428.0,3429.0,280,3430.0,339,56536,1944308690.0,1431358
2020-03-10 09:00:49.576000000,3428.0,3450.0,3428.0,3428.0,622,3429.0,167,57025,1961077210.0,1431465
2020-03-10 09:00:50.073000000,3429.0,3450.0,3428.0,3428.0,470,3429.0,252,57426,1974824980.0,1431365
2020-03-10 09:00:50.574000000,3428.0,3450.0,3428.0,3428.0,397,3429.0,335,57554,1979212950.0,1431380
2020-03-10 09:00:51.074000000,3429.0,3450.0,3428.0,3429.0,4,3430.0,64,58531,2012711630.0,1430923
2020-03-10 09:00:51.575000000,3429.0,3450.0,3427.0,3427.0,102,3429.0,102,58713,2018951310.0,1430921
2020-03-10 09:00:52.074000000,3428.0,3450.0,3427.0,3427.0,134,3428.0,185,59432,2043599920.0,1430551
2020-03-10 09:00:52.574000000,3428.0,3450.0,3427.0,3428.0,83,3429.0,44,59681,2052135790.0,1430634
2020-03-10 09:00:53.076000000,3429.0,3450.0,3427.0,3429.0,7,3430.0,153,59806,2056422140.0,1430667
2020-03-10 09:00:53.574000000,3429.0,3450.0,3427.0,3429.0,25,3431.0,703,60123,2067292910.0,1430764
2020-03-10 09:00:54.075000000,3429.0,3450.0,3427.0,3429.0,284,3430.0,150,60164,2068699260.0,1430780
2020-03-10 09:00:54.576000000,3429.0,3450.0,3427.0,3430.0,7,3431.0,692,60418,2077410570.0,1430663
2020-03-10 09:00:55.076000000,3429.0,3450.0,3427.0,3429.0,192,3430.0,91,60660,2085710540.0,1430685
2020-03-10 09:00:55.575000000,3430.0,3450.0,3427.0,3429.0,152,3430.0,25,60840,2091883910.0,1430739
2020-03-10 09:00:56.071000000,3431.0,3450.0,3427.0,3429.0,143,3431.0,676,60928,2094902010.0,1430761
2020-03-10 09:00:56.575000000,3430.0,3450.0,3427.0,3430.0,393,3431.0,667,61111,2101177800.0,1430803
2020-03-10 09:00:57.073000000,3430.0,3450.0,3427.0,3430.0,551,3431.0,423,61366,2109926430.0,1431005
2020-03-10 09:00:57.575000000,3431.0,3450.0,3427.0,3431.0,113,3432.0,227,61977,2130889850.0,1431383
2020-03-10 09:00:58.076000000,3431.0,3450.0,3427.0,3431.0,1110,3432.0,214,62116,2135660130.0,1431380
2020-03-10 09:00:58.571000000,3433.0,3450.0,3427.0,3432.0,871,3433.0,41,62450,2147123170.0,1431462
2020-03-10 09:00:59.076000000,3433.0,3450.0,3427.0,3433.0,775,3434.0,140,62736,2156941550.0,1431476
2020-03-10 09:00:59.576000000,3434.0,3450.0,3427.0,3434.0,322,3435.0,598,63093,2169200940.0,1431591
2020-03-10 09:01:00.076000000,3434.0,3450.0,3427.0,3434.0,174,3435.0,181,63553,2185001710.0,1431647
2020-03-10 09:01:00.576000000,3434.0,3450.0,3427.0,3435.0,4,3436.0,181,64101,2203823490.0,1431682
2020-03-10 09:01:01.073000000,3435.0,3450.0,3427.0,3435.0,34,3436.0,181,64180,2206537370.0,1431677
2020-03-10 09:01:01.572000000,3435.0,3450.0,3427.0,3435.0,62,3436.0,160,64278,2209903850.0,1431681
2020-03-10 09:01:02.076000000,3435.0,3450.0,3427.0,3435.0,104,3436.0,123,64414,2214576050.0,1431657
2020-03-10 09:01:02.571000000,3436.0,3450.0,3427.0,3435.0,99,3436.0,61,64602,2221034300.0,1431722
2020-03-10 09:01:03.068000000,3435.0,3450.0,3427.0,3435.0,45,3437.0,274,64796,2227698900.0,1431746
2020-03-10 09:01:03.576000000,3435.0,3450.0,3427.0,3435.0,200,3436.0,55,65026,2235602230.0,1431834
2020-03-10 09:01:04.074000000,3436.0,3450.0,3427.0,3436.0,9,3437.0,664,65176,2240756680.0,1431847
2020-03-10 09:01:04.575000000,3435.0,3450.0,3427.0,3435.0,25,3437.0,679,65832,2263293930.0,1431482
2020-03-10 09:01:05.072000000,3435.0,3450.0,3427.0,3434.0,135,3435.0,15,65961,2267725140.0,1431495
2020-03-10 09:01:05.572000000,3434.0,3450.0,3427.0,3433.0,78,3434.0,15,66301,2279401220.0,1431313
2020-03-10 09:01:06.076000000,3434.0,3450.0,3427.0,3433.0,53,3434.0,96,66633,2290801090.0,1431105
2020-03-10 09:01:06.561000000,3433.0,3450.0,3427.0,3432.0,295,3433.0,42,66750,2294817760.0,1431099
2020-03-10 09:01:07.074000000,3434.0,3450.0,3427.0,3433.0,97,3434.0,51,66924,2300792160.0,1431168
2020-03-10 09:01:07.569000000,3434.0,3450.0,3427.0,3434.0,366,3435.0,145,67042,2304844340.0,1431247
2020-03-10 09:01:08.075000000,3435.0,3450.0,3427.0,3434.0,375,3435.0,98,67398,2317072270.0,1431545
2020-03-10 09:01:08.573000000,3435.0,3450.0,3427.0,3435.0,67,3436.0,177,67516,2321125570.0,1431640
2020-03-10 09:01:09.075000000,3435.0,3450.0,3427.0,3435.0,50,3436.0,110,67612,2324423290.0,1431679
2020-03-10 09:01:09.575000000,3436.0,3450.0,3427.0,3436.0,18,3437.0,628,67773,2329955250.0,1431722
2020-03-10 09:01:10.076000000,3436.0,3450.0,3427.0,3436.0,46,3437.0,623,67968,2336655480.0,1431756
2020-03-10 09:01:10.572000000,3436.0,3450.0,3427.0,3435.0,10,3436.0,349,68295,2347889860.0,1431792
2020-03-10 09:01:11.074000000,3435.0,3450.0,3427.0,3434.0,554,3435.0,90,68445,2353042360.0,1431802
2020-03-10 09:01:11.573000000,3434.0,3450.0,3427.0,3435.0,5,3436.0,209,68548,2356580480.0,1431890
2020-03-10 09:01:12.076000000,3436.0,3450.0,3427.0,3435.0,2,3436.0,136,68650,2360085000.0,1431828
2020-03-10 09:01:12.572000000,3436.0,3450.0,3427.0,3435.0,12,3436.0,111,68739,2363142670.0,1431851
2020-03-10 09:01:13.075000000,3436.0,3450.0,3427.0,3435.0,28,3436.0,149,68813,2365684700.0,1431848
2020-03-10 09:01:13.575000000,3436.0,3450.0,3427.0,3436.0,87,3437.0,563,69285,2381902330.0,1431543
2020-03-10 09:01:14.076000000,3436.0,3450.0,3427.0,3434.0,541,3436.0,422,69575,2391865980.0,1431362
2020-03-10 09:01:14.573000000,3434.0,3450.0,3427.0,3434.0,520,3436.0,180,69829,2400591380.0,1431272
2020-03-10 09:01:15.058000000,3435.0,3450.0,3427.0,3435.0,144,3436.0,127,69897,2402927340.0,1431287
2020-03-10 09:01:15.575000000,3437.0,3450.0,3427.0,3435.0,235,3436.0,1,70039,2407806450.0,1431320
2020-03-10 09:01:16.076000000,3436.0,3450.0,3427.0,3436.0,19,3437.0,575,70143,2411379900.0,1431247
2020-03-10 09:01:16.576000000,3437.0,3450.0,3427.0,3436.0,1,3437.0,567,70213,2413785160.0,1431209
2020-03-10 09:01:17.069000000,3437.0,3450.0,3427.0,3436.0,3,3437.0,563,70255,2415228330.0,1431222
2020-03-10 09:01:17.576000000,3436.0,3450.0,3427.0,3435.0,277,3436.0,33,70385,2419695500.0,1431150
2020-03-10 09:01:18.076000000,3436.0,3450.0,3427.0,3435.0,351,3436.0,202,70476,2422822420.0,1431132
2020-03-10 09:01:18.577000000,3437.0,3450.0,3427.0,3436.0,253,3437.0,516,70749,2432202730.0,1431245
2020-03-10 09:01:19.073000000,3436.0,3450.0,3427.0,3436.0,246,3437.0,458,70899,2437357590.0,1431266
2020-03-10 09:01:19.576000000,3437.0,3450.0,3427.0,3436.0,267,3437.0,370,70993,2440588310.0,1431178
2020-03-10 09:01:20.076000000,3436.0,3450.0,3427.0,3436.0,268,3437.0,294,71084,2443715240.0,1431149
2020-03-10 09:01:20.575000000,3437.0,3450.0,3427.0,3436.0,165,3437.0,261,71216,2448251180.0,1431132
2020-03-10 09:01:21.073000000,3436.0,3450.0,3427.0,3436.0,87,3437.0,308,71282,2450519020.0,1431156
2020-03-10 09:01:21.576000000,3436.0,3450.0,3427.0,3435.0,454,3436.0,2,71592,2461172700.0,1430978
2020-03-10 09:01:22.076000000,3437.0,3450.0,3427.0,3436.0,374,3437.0,78,71642,2462890800.0,1431005
2020-03-10 09:01:22.575000000,3437.0,3450.0,3427.0,3437.0,76,3438.0,136,71859,2470349090.0,1431027
2020-03-10 09:01:23.074000000,3437.0,3450.0,3427.0,3437.0,94,3438.0,117,72002,2475265000.0,1431099
2020-03-10 09:01:23.576000000,3437.0,3450.0,3427.0,3437.0,233,3438.0,124,72078,2477877230.0,1431136
2020-03-10 09:01:24.075000000,3437.0,3450.0,3427.0,3437.0,152,3438.0,81,72132,2479733310.0,1431144
2020-03-10 09:01:24.576000000,3437.0,3450.0,3427.0,3437.0,216,3438.0,99,72145,2480180180.0,1431145
2020-03-10 09:01:25.076000000,3437.0,3450.0,3427.0,3437.0,366,3438.0,109,72156,2480558350.0,1431145
2020-03-10 09:01:25.576000000,3438.0,3450.0,3427.0,3438.0,10,3439.0,302,72317,2486092890.0,1431144
2020-03-10 09:01:26.076000000,3438.0,3450.0,3427.0,3437.0,364,3438.0,8,72369,2487880650.0,1431179
2020-03-10 09:01:26.572000000,3437.0,3450.0,3427.0,3438.0,1,3439.0,479,72573,2494893520.0,1431228
2020-03-10 09:01:27.075000000,3439.0,3450.0,3427.0,3437.0,278,3438.0,4,72714,2499741450.0,1431203
2020-03-10 09:01:27.575000000,3438.0,3450.0,3427.0,3437.0,267,3438.0,50,72771,2501700950.0,1431211
2020-03-10 09:01:28.077000000,3437.0,3450.0,3427.0,3437.0,213,3438.0,69,72852,2504485210.0,1431202
2020-03-10 09:01:28.576000000,3437.0,3450.0,3427.0,3437.0,191,3438.0,204,72890,2505791400.0,1431206
2020-03-10 09:01:29.076000000,3439.0,3450.0,3427.0,3438.0,12,3439.0,429,73134,2514180180.0,1431083
2020-03-10 09:01:29.574000000,3437.0,3450.0,3427.0,3437.0,180,3438.0,872,73170,2515417780.0,1431077
2020-03-10 09:01:30.076000000,3437.0,3450.0,3427.0,3436.0,186,3437.0,51,73567,2529062670.0,1431190
2020-03-10 09:01:30.572000000,3437.0,3450.0,3427.0,3435.0,442,3437.0,351,73840,2538443220.0,1431285
2020-03-10 09:01:31.077000000,3436.0,3450.0,3427.0,3436.0,16,3437.0,229,74065,2546175890.0,1431126
2020-03-10 09:01:31.576000000,3436.0,3450.0,3427.0,3435.0,358,3436.0,808,74212,2551227150.0,1431032
2020-03-10 09:01:32.076000000,3436.0,3450.0,3427.0,3435.0,326,3436.0,722,74336,2555487540.0,1431038
2020-03-10 09:01:32.575000000,3436.0,3450.0,3427.0,3435.0,305,3436.0,708,74405,2557857950.0,1431053
2020-03-10 09:01:33.071000000,3435.0,3450.0,3427.0,3435.0,274,3436.0,689,74452,2559472590.0,1431077
2020-03-10 09:01:33.564000000,3435.0,3450.0,3427.0,3435.0,212,3436.0,691,74530,2562152060.0,1431080
2020-03-10 09:01:34.072000000,3435.0,3450.0,3427.0,3434.0,390,3435.0,1,74752,2569777920.0,1431035
2020-03-10 09:01:34.576000000,3436.0,3450.0,3427.0,3434.0,352,3435.0,122,75005,2578470020.0,1430896
2020-03-10 09:01:35.077000000,3435.0,3450.0,3427.0,3434.0,359,3435.0,22,75155,2583622550.0,1430801
2020-03-10 09:01:35.577000000,3435.0,3450.0,3427.0,3435.0,308,3436.0,515,75182,2584550010.0,1430802
2020-03-10 09:01:36.075000000,3435.0,3450.0,3427.0,3435.0,20,3436.0,494,75494,2595267240.0,1430801
2020-03-10 09:01:36.570000000,3435.0,3450.0,3427.0,3434.0,319,3435.0,217,75595,2598736080.0,1430871
2020-03-10 09:01:37.077000000,3435.0,3450.0,3427.0,3434.0,280,3435.0,265,75597,2598804780.0,1430871
2020-03-10 09:01:37.575000000,3435.0,3450.0,3427.0,3434.0,147,3435.0,142,75867,2608077880.0,1431031
2020-03-10 09:01:38.076000000,3435.0,3450.0,3427.0,3434.0,160,3435.0,158,75878,2608455660.0,1431037
2020-03-10 09:01:38.576000000,3434.0,3450.0,3427.0,3434.0,124,3435.0,123,76019,2613297960.0,1431114
2020-03-10 09:01:39.075000000,3434.0,3450.0,3427.0,3434.0,109,3435.0,74,76195,2619342880.0,1431169
2020-03-10 09:01:39.572000000,3434.0,3450.0,3427.0,3433.0,263,3434.0,18,76358,2624940400.0,1431274
2020-03-10 09:01:40.076000000,3435.0,3450.0,3427.0,3434.0,476,3435.0,178,76392,2626107970.0,1431271
2020-03-10 09:01:40.574000000,3434.0,3450.0,3427.0,3434.0,436,3435.0,148,76475,2628958410.0,1431230
2020-03-10 09:01:41.076000000,3434.0,3450.0,3427.0,3434.0,415,3435.0,156,76512,2630229090.0,1431222
2020-03-10 09:01:41.575000000,3434.0,3450.0,3427.0,3434.0,399,3435.0,300,76568,2632152190.0,1431218
2020-03-10 09:01:42.073000000,3434.0,3450.0,3427.0,3434.0,402,3435.0,313,76574,2632358240.0,1431214
2020-03-10 09:01:42.573000000,3434.0,3450.0,3427.0,3434.0,375,3435.0,309,76614,2633731880.0,1431199
2020-03-10 09:01:43.076000000,3435.0,3450.0,3427.0,3434.0,464,3435.0,306,76646,2634830860.0,1431188
2020-03-10 09:01:43.576000000,3434.0,3450.0,3427.0,3434.0,460,3435.0,332,76676,2635861230.0,1431176
2020-03-10 09:01:44.075000000,3435.0,3450.0,3427.0,3434.0,470,3435.0,111,76910,2643899010.0,1431242
2020-03-10 09:01:44.576000000,3435.0,3450.0,3427.0,3435.0,98,3436.0,571,77059,2649017160.0,1431315
2020-03-10 09:01:45.072000000,3435.0,3450.0,3427.0,3435.0,21,3436.0,368,77361,2659392860.0,1431108
2020-03-10 09:01:45.576000000,3434.0,3450.0,3427.0,3434.0,576,3435.0,270,77484,2663617630.0,1431172
2020-03-10 09:01:46.076000000,3435.0,3450.0,3427.0,3434.0,596,3435.0,86,77763,2673200770.0,1430966
2020-03-10 09:01:46.569000000,3435.0,3450.0,3427.0,3435.0,99,3436.0,159,77874,2677013620.0,1430985
2020-03-10 09:01:47.072000000,3435.0,3450.0,3427.0,3435.0,85,3436.0,255,77911,2678284610.0,1431018
2020-03-10 09:01:47.576000000,3435.0,3450.0,3427.0,3434.0,599,3435.0,13,78014,2681822660.0,1430950
2020-03-10 09:01:48.073000000,3434.0,3450.0,3427.0,3434.0,603,3435.0,52,78027,2682269160.0,1430943
2020-03-10 09:01:48.570000000,3435.0,3450.0,3427.0,3434.0,606,3435.0,97,78207,2688452160.0,1430928
2020-03-10 09:01:49.064000000,3435.0,3450.0,3427.0,3434.0,601,3435.0,3,78413,2695528200.0,1431057
2020-03-10 09:01:49.571000000,3435.0,3450.0,3427.0,3434.0,588,3435.0,114,78504,2698653880.0,1431083
2020-03-10 09:01:50.070000000,3434.0,3450.0,3427.0,3434.0,576,3435.0,175,78535,2699718580.0,1431097
2020-03-10 09:01:50.574000000,3434.0,3450.0,3427.0,3434.0,547,3435.0,246,78646,2703531420.0,1431198
2020-03-10 09:01:51.075000000,3435.0,3450.0,3427.0,3434.0,474,3435.0,162,78878,2711499880.0,1431174
2020-03-10 09:01:51.577000000,3435.0,3450.0,3427.0,3434.0,439,3435.0,295,78981,2715037350.0,1431171
2020-03-10 09:01:52.077000000,3434.0,3450.0,3427.0,3434.0,400,3435.0,323,79007,2715930210.0,1431174
2020-03-10 09:01:52.573000000,3434.0,3450.0,3427.0,3433.0,302,3434.0,6,79386,2728945080.0,1431042
2020-03-10 09:01:53.073000000,3434.0,3450.0,3427.0,3433.0,281,3434.0,282,79393,2729185460.0,1431046
2020-03-10 09:01:53.574000000,3434.0,3450.0,3427.0,3433.0,195,3434.0,304,79478,2732103640.0,1431113
2020-03-10 09:01:54.075000000,3433.0,3450.0,3427.0,3433.0,162,3434.0,246,79546,2734438150.0,1431133
2020-03-10 09:01:54.576000000,3433.0,3450.0,3427.0,3433.0,163,3434.0,235,79578,2735536850.0,1431127
2020-03-10 09:01:55.073000000,3434.0,3450.0,3427.0,3433.0,174,3434.0,228,79605,2736463780.0,1431148
2020-03-10 09:01:55.567000000,3433.0,3450.0,3427.0,3432.0,319,3433.0,183,79880,2745904770.0,1431138
2020-03-10 09:01:56.066000000,3433.0,3450.0,3427.0,3432.0,292,3433.0,222,79892,2746316730.0,1431138
2020-03-10 09:01:56.571000000,3432.0,3450.0,3427.0,3432.0,280,3433.0,298,79946,2748170250.0,1431139
2020-03-10 09:01:57.071000000,3432.0,3450.0,3427.0,3432.0,279,3433.0,327,79982,2749406000.0,1431126
2020-03-10 09:01:57.577000000,3432.0,3450.0,3427.0,3432.0,238,3433.0,327,80044,2751533940.0,1431089
2020-03-10 09:01:58.077000000,3433.0,3450.0,3427.0,3432.0,227,3433.0,218,80190,2756545730.0,1431087
2020-03-10 09:01:58.575000000,3432.0,3450.0,3427.0,3432.0,251,3433.0,208,80333,2761453590.0,1431097
2020-03-10 09:01:59.071000000,3432.0,3450.0,3427.0,3432.0,214,3433.0,259,80399,2763718730.0,1431139
2020-03-10 09:01:59.572000000,3432.0,3450.0,3427.0,3432.0,208,3433.0,220,80460,2765812680.0,1431126
2020-03-10 09:02:00.077000000,3432.0,3450.0,3427.0,3432.0,226,3433.0,217,80488,2766773670.0,1431121
2020-03-10 09:02:00.576000000,3433.0,3450.0,3427.0,3432.0,170,3433.0,218,80607,2770857810.0,1431139
2020-03-10 09:02:01.068000000,3433.0,3450.0,3427.0,3433.0,263,3434.0,222,80935,2782118050.0,1431052
2020-03-10 09:02:01.568000000,3433.0,3450.0,3427.0,3433.0,460,3434.0,61,80960,2782976420.0,1431039
2020-03-10 09:02:02.076000000,3434.0,3450.0,3427.0,3434.0,35,3435.0,274,81042,2785792220.0,1431049
2020-03-10 09:02:02.576000000,3434.0,3450.0,3427.0,3434.0,209,3435.0,257,81065,2786582050.0,1431058
2020-03-10 09:02:03.075000000,3434.0,3450.0,3427.0,3434.0,229,3435.0,225,81074,2786891110.0,1431059
2020-03-10 09:02:03.574000000,3434.0,3450.0,3427.0,3434.0,235,3435.0,226,81105,2787955720.0,1431057
2020-03-10 09:02:04.076000000,3435.0,3450.0,3427.0,3434.0,164,3435.0,192,81173,2790291400.0,1431051
2020-03-10 09:02:04.573000000,3435.0,3450.0,3427.0,3434.0,157,3435.0,16,81460,2800148670.0,1431114
2020-03-10 09:02:05.076000000,3434.0,3450.0,3427.0,3434.0,195,3435.0,15,81493,2801282050.0,1431121
2020-03-10 09:02:05.577000000,3435.0,3450.0,3427.0,3434.0,47,3435.0,25,82064,2820887540.0,1430837
2020-03-10 09:02:06.075000000,3433.0,3450.0,3427.0,3432.0,440,3433.0,106,82524,2836680460.0,1430667
2020-03-10 09:02:06.576000000,3433.0,3450.0,3427.0,3432.0,372,3433.0,132,82554,2837710350.0,1430639
2020-03-10 09:02:07.076000000,3433.0,3450.0,3427.0,3432.0,317,3433.0,163,82630,2840318740.0,1430696
2020-03-10 09:02:07.572000000,3432.0,3450.0,3427.0,3432.0,285,3433.0,160,82702,2842789960.0,1430729
2020-03-10 09:02:08.076000000,3432.0,3450.0,3427.0,3432.0,306,3433.0,86,82839,2847492560.0,1430755
2020-03-10 09:02:08.576000000,3433.0,3450.0,3427.0,3433.0,77,3434.0,216,82965,2851818140.0,1430790
2020-03-10 09:02:09.076000000,3433.0,3450.0,3427.0,3433.0,50,3434.0,226,83031,2854083930.0,1430784
2020-03-10 09:02:09.576000000,3433.0,3450.0,3427.0,3433.0,65,3434.0,160,83151,2858204560.0,1430719
2020-03-10 09:02:10.067000000,3433.0,3450.0,3427.0,3433.0,128,3434.0,144,83194,2859680790.0,1430728
2020-03-10 09:02:10.574000000,3433.0,3450.0,3427.0,3433.0,139,3434.0,135,83202,2859955430.0,1430727
2020-03-10 09:02:11.077000000,3433.0,3450.0,3427.0,3433.0,151,3434.0,35,83332,2864419380.0,1430707
2020-03-10 09:02:11.577000000,3433.0,3450.0,3427.0,3433.0,160,3434.0,106,83386,2866273320.0,1430727
2020-03-10 09:02:12.070000000,3433.0,3450.0,3427.0,3433.0,131,3434.0,152,83429,2867749800.0,1430747
2020-03-10 09:02:12.574000000,3433.0,3450.0,3427.0,3433.0,115,3434.0,138,83485,2869672540.0,1430743
2020-03-10 09:02:13.073000000,3433.0,3450.0,3427.0,3432.0,460,3433.0,758,83732,2878152090.0,1430914
2020-03-10 09:02:13.572000000,3433.0,3450.0,3427.0,3432.0,383,3433.0,496,84078,2890029850.0,1430953
2020-03-10 09:02:14.077000000,3432.0,3450.0,3427.0,3432.0,407,3433.0,473,84095,2890613450.0,1430954
2020-03-10 09:02:14.575000000,3432.0,3450.0,3427.0,3432.0,423,3433.0,479,84105,2890956680.0,1430949
2020-03-10 09:02:15.073000000,3432.0,3450.0,3427.0,3432.0,443,3433.0,456,84146,2892364090.0,1430922
2020-03-10 09:02:15.573000000,3432.0,3450.0,3427.0,3432.0,355,3433.0,445,84260,2896276700.0,1430972
2020-03-10 09:02:16.075000000,3432.0,3450.0,3427.0,3432.0,339,3433.0,464,84296,2897512240.0,1431002
2020-03-10 09:02:16.575000000,3433.0,3450.0,3427.0,3433.0,93,3434.0,155,84812,2915226120.0,1430611
2020-03-10 09:02:17.074000000,3434.0,3450.0,3427.0,3433.0,128,3434.0,124,84936,2919484040.0,1430637
2020-03-10 09:02:17.565000000,3433.0,3450.0,3427.0,3433.0,190,3434.0,112,84944,2919758680.0,1430633
2020-03-10 09:02:18.071000000,3433.0,3450.0,3427.0,3433.0,212,3434.0,102,84993,2921440950.0,1430616
2020-03-10 09:02:18.577000000,3433.0,3450.0,3427.0,3433.0,212,3434.0,25,85054,2923535650.0,1430626
2020-03-10 09:02:19.075000000,3433.0,3450.0,3427.0,3433.0,241,3434.0,25,85107,2925355230.0,1430626
2020-03-10 09:02:19.575000000,3433.0,3450.0,3427.0,3433.0,245,3434.0,36,85110,2925458220.0,1430627
2020-03-10 09:02:20.075000000,3434.0,3450.0,3427.0,3434.0,17,3435.0,354,85200,2928548400.0,1430608
2020-03-10 09:02:20.577000000,3434.0,3450.0,3427.0,3434.0,141,3435.0,572,85343,2933458810.0,1430622
2020-03-10 09:02:21.066000000,3435.0,3450.0,3427.0,3434.0,12,3435.0,571,85508,2939124930.0,1430503
2020-03-10 09:02:21.577000000,3434.0,3450.0,3427.0,3433.0,291,3434.0,392,85537,2940120760.0,1430479
2020-03-10 09:02:22.071000000,3433.0,3450.0,3427.0,3433.0,264,3434.0,331,85558,2940841730.0,1430476
2020-03-10 09:02:22.575000000,3433.0,3450.0,3427.0,3433.0,248,3434.0,352,85618,2942901720.0,1430494
2020-03-10 09:02:23.065000000,3433.0,3450.0,3427.0,3433.0,210,3434.0,341,85677,2944927220.0,1430523
2020-03-10 09:02:23.577000000,3433.0,3450.0,3427.0,3433.0,203,3434.0,325,85733,2946849860.0,1430542
2020-03-10 09:02:24.069000000,3434.0,3450.0,3427.0,3434.0,19,3435.0,436,86174,2961994930.0,1430418
2020-03-10 09:02:24.576000000,3434.0,3450.0,3427.0,3434.0,175,3435.0,396,86322,2967077250.0,1430448
2020-03-10 09:02:25.073000000,3434.0,3450.0,3427.0,3434.0,163,3435.0,381,86382,2969137650.0,1430458
2020-03-10 09:02:25.572000000,3434.0,3450.0,3427.0,3434.0,157,3435.0,370,86391,2969446730.0,1430462
2020-03-10 09:02:26.061000000,3435.0,3450.0,3427.0,3434.0,159,3435.0,318,86444,2971267270.0,1430472
2020-03-10 09:02:26.572000000,3434.0,3450.0,3427.0,3434.0,179,3435.0,80,86697,2979957740.0,1430581
2020-03-10 09:02:27.060000000,3435.0,3450.0,3427.0,3435.0,318,3436.0,449,86829,2984491940.0,1430616
2020-03-10 09:02:27.570000000,3435.0,3450.0,3427.0,3435.0,226,3436.0,307,87000,2990365840.0,1430717
2020-03-10 09:02:28.074000000,3435.0,3450.0,3427.0,3435.0,224,3436.0,306,87053,2992186400.0,1430719
2020-03-10 09:02:28.577000000,3435.0,3450.0,3427.0,3435.0,199,3436.0,350,87054,2992220750.0,1430719
2020-03-10 09:02:29.075000000,3436.0,3450.0,3427.0,3435.0,199,3436.0,365,87070,2992770410.0,1430733
2020-03-10 09:02:29.577000000,3436.0,3450.0,3427.0,3435.0,198,3436.0,326,87113,2994247870.0,1430761
2020-03-10 09:02:30.077000000,3436.0,3450.0,3427.0,3435.0,210,3436.0,242,87172,2996275090.0,1430792
2020-03-10 09:02:30.571000000,3436.0,3450.0,3427.0,3435.0,171,3436.0,3,87475,3006685430.0,1430983
2020-03-10 09:02:31.075000000,3436.0,3450.0,3427.0,3436.0,579,3437.0,362,87489,3007166480.0,1430972
2020-03-10 09:02:31.573000000,3436.0,3450.0,3427.0,3436.0,613,3437.0,213,87543,3009022290.0,1430934
2020-03-10 09:02:32.076000000,3437.0,3450.0,3427.0,3436.0,615,3437.0,118,87645,3012527960.0,1430983
2020-03-10 09:02:32.574000000,3437.0,3450.0,3427.0,3436.0,616,3437.0,122,87646,3012562330.0,1430983
2020-03-10 09:02:33.076000000,3437.0,3450.0,3427.0,3436.0,620,3437.0,91,87677,3013627800.0,1430982
2020-03-10 09:02:33.563000000,3437.0,3450.0,3427.0,3436.0,634,3437.0,21,87843,3019333160.0,1430990
2020-03-10 09:02:34.077000000,3437.0,3450.0,3427.0,3437.0,22,3438.0,183,87920,3021979650.0,1430969
2020-03-10 09:02:34.575000000,3437.0,3450.0,3427.0,3437.0,84,3438.0,205,87944,3022804540.0,1430987
2020-03-10 09:02:35.074000000,3437.0,3450.0,3427.0,3437.0,311,3438.0,149,87965,3023526390.0,1430992
2020-03-10 09:02:35.573000000,3438.0,3450.0,3427.0,3437.0,447,3438.0,118,87973,3023801430.0,1430990
2020-03-10 09:02:36.076000000,3438.0,3450.0,3427.0,3438.0,336,3439.0,454,88128,3029130060.0,1430944
2020-03-10 09:02:36.573000000,3438.0,3450.0,3427.0,3438.0,404,3439.0,348,88226,3032500140.0,1430870
2020-03-10 09:02:37.071000000,3438.0,3450.0,3427.0,3438.0,407,3439.0,313,88284,3034494450.0,1430862
2020-03-10 09:02:37.575000000,3439.0,3450.0,3427.0,3438.0,236,3439.0,218,88579,3044637500.0,1430734
2020-03-10 09:02:38.074000000,3439.0,3450.0,3427.0,3438.0,241,3439.0,164,88665,3047594980.0,1430696
2020-03-10 09:02:38.574000000,3439.0,3450.0,3427.0,3438.0,227,3439.0,162,88741,3050208290.0,1430676
2020-03-10 09:02:39.069000000,3438.0,3450.0,3427.0,3438.0,221,3439.0,53,88854,3054094280.0,1430686
2020-03-10 09:02:39.573000000,3438.0,3450.0,3427.0,3438.0,185,3439.0,114,88983,3058530280.0,1430620
2020-03-10 09:02:40.071000000,3438.0,3450.0,3427.0,3438.0,180,3439.0,162,89019,3059768240.0,1430605
2020-03-10 09:02:40.573000000,3439.0,3450.0,3427.0,3438.0,184,3439.0,156,89041,3060524810.0,1430604
2020-03-10 09:02:41.068000000,3438.0,3450.0,3427.0,3438.0,216,3439.0,133,89089,3062175340.0,1430628
2020-03-10 09:02:41.572000000,3440.0,3450.0,3427.0,3439.0,91,3440.0,853,89305,3069603790.0,1430685
2020-03-10 09:02:42.066000000,3439.0,3450.0,3427.0,3439.0,353,3440.0,829,89352,3071220400.0,1430694
2020-03-10 09:02:42.577000000,3439.0,3450.0,3427.0,3439.0,388,3440.0,832,89483,3075725540.0,1430664
2020-03-10 09:02:43.071000000,3440.0,3450.0,3427.0,3439.0,569,3440.0,800,89524,3077135910.0,1430654
2020-03-10 09:02:43.569000000,3440.0,3450.0,3427.0,3439.0,518,3440.0,685,89675,3082329750.0,1430622
2020-03-10 09:02:44.075000000,3440.0,3450.0,3427.0,3439.0,509,3440.0,598,89772,3085666400.0,1430608
2020-03-10 09:02:44.576000000,3440.0,3450.0,3427.0,3439.0,514,3440.0,568,89830,3087661350.0,1430615
2020-03-10 09:02:45.075000000,3440.0,3450.0,3427.0,3439.0,494,3440.0,549,89873,3089140310.0,1430588
2020-03-10 09:02:45.576000000,3440.0,3450.0,3427.0,3439.0,509,3440.0,516,89910,3090413100.0,1430602
2020-03-10 09:02:46.076000000,3440.0,3450.0,3427.0,3438.0,257,3440.0,523,90537,3111976760.0,1430768
2020-03-10 09:02:46.572000000,3439.0,3450.0,3427.0,3438.0,249,3439.0,104,90661,3116241700.0,1430668
2020-03-10 09:02:47.077000000,3439.0,3450.0,3427.0,3438.0,267,3439.0,55,91178,3134025190.0,1430702
2020-03-10 09:02:47.572000000,3440.0,3450.0,3427.0,3439.0,292,3440.0,1272,91296,3138083450.0,1430768
2020-03-10 09:02:48.070000000,3439.0,3450.0,3427.0,3438.0,344,3440.0,1268,91569,3147472000.0,1430594
2020-03-10 09:02:48.574000000,3439.0,3450.0,3427.0,3438.0,304,3439.0,64,91646,3150120000.0,1430567
2020-03-10 09:02:49.075000000,3438.0,3450.0,3427.0,3437.0,379,3439.0,314,91943,3160330950.0,1430478
2020-03-10 09:02:49.577000000,3439.0,3450.0,3427.0,3438.0,5,3439.0,388,91991,3161981490.0,1430462
2020-03-10 09:02:50.076000000,3438.0,3450.0,3427.0,3437.0,357,3438.0,160,92161,3167825940.0,1430554
2020-03-10 09:02:50.577000000,3437.0,3450.0,3427.0,3436.0,370,3437.0,278,92517,3180061660.0,1430340
2020-03-10 09:02:51.075000000,3436.0,3450.0,3427.0,3435.0,207,3436.0,201,92947,3194836460.0,1430254
2020-03-10 09:02:51.575000000,3435.0,3450.0,3427.0,3434.0,308,3436.0,232,93153,3201912660.0,1430305
2020-03-10 09:02:52.077000000,3435.0,3450.0,3427.0,3435.0,55,3436.0,220,93271,3205966480.0,1430278
2020-03-10 09:02:52.572000000,3435.0,3450.0,3427.0,3435.0,55,3436.0,139,93347,3208577790.0,1430288
2020-03-10 09:02:53.077000000,3435.0,3450.0,3427.0,3435.0,198,3436.0,83,93376,3209574210.0,1430290
2020-03-10 09:02:53.576000000,3435.0,3450.0,3427.0,3435.0,242,3436.0,32,93412,3210811140.0,1430287
2020-03-10 09:02:54.076000000,3436.0,3450.0,3427.0,3436.0,69,3437.0,138,93476,3213010450.0,1430255
2020-03-10 09:02:54.554000000,3437.0,3450.0,3427.0,3436.0,109,3437.0,123,93501,3213869570.0,1430233
2020-03-10 09:02:55.076000000,3437.0,3450.0,3427.0,3436.0,131,3437.0,107,93511,3214213200.0,1430232
2020-03-10 09:02:55.566000000,3436.0,3450.0,3427.0,3436.0,164,3437.0,41,93555,3215725390.0,1430219
2020-03-10 09:02:56.073000000,3437.0,3450.0,3427.0,3436.0,184,3437.0,13,93583,3216687740.0,1430218
2020-03-10 09:02:56.574000000,3437.0,3450.0,3427.0,3437.0,21,3438.0,242,93638,3218578090.0,1430252
2020-03-10 09:02:57.072000000,3437.0,3450.0,3427.0,3437.0,39,3438.0,262,93649,3218956220.0,1430258
2020-03-10 09:02:57.577000000,3437.0,3450.0,3427.0,3436.0,181,3437.0,2,93751,3222461970.0,1430257
2020-03-10 09:02:58.077000000,3437.0,3450.0,3427.0,3436.0,182,3437.0,126,93759,3222736900.0,1430257
2020-03-10 09:02:58.567000000,3438.0,3450.0,3427.0,3437.0,40,3438.0,57,94164,3236659000.0,1430121
2020-03-10 09:02:59.077000000,3437.0,3450.0,3427.0,3437.0,296,3438.0,2,94220,3238584180.0,1430107
2020-03-10 09:02:59.567000000,3438.0,3450.0,3427.0,3438.0,102,3439.0,250,94235,3239099890.0,1430096
2020-03-10 09:03:00.071000000,3439.0,3450.0,3427.0,3438.0,102,3439.0,201,94284,3240784830.0,1430105
2020-03-10 09:03:00.573000000,3439.0,3450.0,3427.0,3438.0,201,3439.0,151,94370,3243742080.0,1430078
2020-03-10 09:03:01.067000000,3438.0,3450.0,3427.0,3438.0,246,3439.0,129,94392,3244498490.0,1430090
2020-03-10 09:03:01.575000000,3438.0,3450.0,3427.0,3438.0,258,3439.0,101,94420,3245461400.0,1430081
2020-03-10 09:03:02.075000000,3438.0,3450.0,3427.0,3438.0,221,3439.0,147,94480,3247524430.0,1430112
2020-03-10 09:03:02.562000000,3438.0,3450.0,3427.0,3438.0,190,3439.0,135,94525,3249071740.0,1430117
2020-03-10 09:03:03.072000000,3439.0,3450.0,3427.0,3438.0,169,3439.0,73,94618,3252269860.0,1430081
2020-03-10 09:03:03.573000000,3439.0,3450.0,3427.0,3438.0,196,3439.0,7,94715,3255605490.0,1430095
2020-03-10 09:03:04.076000000,3439.0,3450.0,3427.0,3439.0,16,3440.0,1450,94775,3257668960.0,1430121
2020-03-10 09:03:04.574000000,3439.0,3450.0,3427.0,3439.0,1,3440.0,1450,94979,3264684520.0,1429958
2020-03-10 09:03:05.077000000,3438.0,3450.0,3427.0,3438.0,184,3439.0,53,95004,3265544180.0,1429964
2020-03-10 09:03:05.577000000,3438.0,3450.0,3427.0,3438.0,185,3439.0,165,95026,3266300590.0,1429963
2020-03-10 09:03:06.076000000,3439.0,3450.0,3427.0,3438.0,77,3439.0,220,95044,3266919480.0,1429970
2020-03-10 09:03:06.572000000,3439.0,3450.0,3427.0,3437.0,476,3439.0,237,95148,3270495290.0,1429940
2020-03-10 09:03:07.076000000,3438.0,3450.0,3427.0,3437.0,468,3438.0,296,95317,3276306900.0,1429911
2020-03-10 09:03:07.574000000,3438.0,3450.0,3427.0,3437.0,454,3438.0,215,95418,3279779270.0,1429923
2020-03-10 09:03:08.072000000,3437.0,3450.0,3427.0,3436.0,267,3437.0,26,95957,3298303820.0,1430070
2020-03-10 09:03:08.574000000,3438.0,3450.0,3427.0,3436.0,283,3438.0,218,96166,3305488440.0,1430031
2020-03-10 09:03:09.075000000,3438.0,3450.0,3427.0,3437.0,6,3438.0,244,96174,3305763460.0,1430032
2020-03-10 09:03:09.576000000,3437.0,3450.0,3427.0,3437.0,81,3438.0,175,96335,3311297790.0,1430082
2020-03-10 09:03:10.072000000,3438.0,3450.0,3427.0,3437.0,188,3438.0,51,96481,3316317150.0,1430053
2020-03-10 09:03:10.577000000,3437.0,3450.0,3427.0,3437.0,304,3438.0,20,96503,3317073370.0,1430050
2020-03-10 09:03:11.077000000,3438.0,3450.0,3427.0,3438.0,204,3439.0,467,96540,3318345430.0,1430044
2020-03-10 09:03:11.573000000,3438.0,3450.0,3427.0,3438.0,220,3439.0,443,96550,3318689240.0,1430043
2020-03-10 09:03:12.074000000,3439.0,3450.0,3427.0,3438.0,185,3439.0,430,96711,3324225520.0,1429924
2020-03-10 09:03:12.577000000,3438.0,3450.0,3427.0,3438.0,122,3439.0,448,96777,3326494670.0,1429971
2020-03-10 09:03:13.075000000,3438.0,3450.0,3427.0,3438.0,106,3439.0,474,96959,3332751840.0,1430141
2020-03-10 09:03:13.573000000,3439.0,3450.0,3427.0,3437.0,405,3439.0,365,97249,3342723280.0,1430143
2020-03-10 09:03:14.074000000,3438.0,3450.0,3427.0,3438.0,45,3439.0,393,97309,3344786130.0,1430194
2020-03-10 09:03:14.577000000,3439.0,3450.0,3427.0,3438.0,75,3439.0,382,97365,3346711650.0,1430228
2020-03-10 09:03:15.076000000,3439.0,3450.0,3427.0,3438.0,135,3439.0,398,97387,3347468220.0,1430230
2020-03-10 09:03:15.572000000,3438.0,3450.0,3427.0,3438.0,190,3439.0,357,97431,3348981320.0,1430234
2020-03-10 09:03:16.074000000,3438.0,3450.0,3427.0,3438.0,191,3439.0,199,97610,3355137000.0,1430323
2020-03-10 09:03:16.577000000,3438.0,3450.0,3427.0,3438.0,125,3439.0,165,97690,3357887720.0,1430376
2020-03-10 09:03:17.072000000,3438.0,3450.0,3427.0,3438.0,129,3439.0,155,97707,3358472290.0,1430377
2020-03-10 09:03:17.575000000,3439.0,3450.0,3427.0,3438.0,131,3439.0,157,97713,3358678610.0,1430376
2020-03-10 09:03:18.077000000,3438.0,3450.0,3427.0,3438.0,27,3439.0,163,97823,3362460450.0,1430464
2020-03-10 09:03:18.575000000,3438.0,3450.0,3427.0,3437.0,456,3438.0,43,97850,3363388710.0,1430457
2020-03-10 09:03:19.072000000,3438.0,3450.0,3427.0,3437.0,415,3438.0,1,97919,3365760930.0,1430488
2020-03-10 09:03:19.572000000,3438.0,3450.0,3427.0,3437.0,405,3438.0,28,98098,3371916610.0,1430588
2020-03-10 09:03:20.073000000,3438.0,3450.0,3427.0,3437.0,301,3438.0,22,98228,3376385010.0,1430665
2020-03-10 09:03:20.575000000,3437.0,3450.0,3427.0,3437.0,295,3438.0,62,98243,3376900590.0,1430669
2020-03-10 09:03:21.077000000,3438.0,3450.0,3427.0,3437.0,307,3438.0,65,98274,3377966370.0,1430665
2020-03-10 09:03:21.574000000,3438.0,3450.0,3427.0,3437.0,1,3438.0,65,98591,3388861690.0,1430588
2020-03-10 09:03:22.076000000,3437.0,3450.0,3427.0,3436.0,411,3437.0,105,98696,3392470540.0,1430589
2020-03-10 09:03:22.572000000,3437.0,3450.0,3427.0,3436.0,307,3437.0,157,98700,3392608020.0,1430590
2020-03-10 09:03:23.072000000,3437.0,3450.0,3427.0,3436.0,284,3437.0,146,98728,3393570380.0,1430616
2020-03-10 09:03:23.573000000,3436.0,3450.0,3427.0,3436.0,239,3437.0,279,98778,3395288460.0,1430642
2020-03-10 09:03:24.075000000,3437.0,3450.0,3427.0,3436.0,237,3437.0,36,99002,3402987220.0,1430679
2020-03-10 09:03:24.571000000,3437.0,3450.0,3427.0,3437.0,13,3438.0,358,99032,3404018320.0,1430684
2020-03-10 09:03:25.072000000,3436.0,3450.0,3427.0,3436.0,279,3437.0,27,99077,3405564890.0,1430696
2020-03-10 09:03:25.574000000,3436.0,3450.0,3427.0,3436.0,283,3437.0,105,99084,3405805440.0,1430701
2020-03-10 09:03:26.071000000,3436.0,3450.0,3427.0,3436.0,232,3437.0,151,99127,3407283340.0,1430743
2020-03-10 09:03:26.577000000,3437.0,3450.0,3427.0,3436.0,228,3437.0,228,99157,3408314440.0,1430743
2020-03-10 09:03:27.072000000,3437.0,3450.0,3427.0,3436.0,197,3437.0,233,99216,3410341710.0,1430743
2020-03-10 09:03:27.571000000,3437.0,3450.0,3427.0,3436.0,181,3437.0,244,99233,3410925880.0,1430749
2020-03-10 09:03:28.074000000,3436.0,3450.0,3427.0,3436.0,165,3437.0,242,99246,3411372570.0,1430751
2020-03-10 09:03:28.574000000,3436.0,3450.0,3427.0,3435.0,433,3436.0,14,99425,3417523040.0,1430678
2020-03-10 09:03:29.076000000,3437.0,3450.0,3427.0,3437.0,99,3438.0,391,99835,3431613740.0,1430531
2020-03-10 09:03:29.574000000,3436.0,3450.0,3427.0,3436.0,20,3437.0,120,99966,3436115970.0,1430489
2020-03-10 09:03:30.074000000,3437.0,3450.0,3427.0,3436.0,122,3437.0,187,99972,3436322160.0,1430488
2020-03-10 09:03:30.556000000,3436.0,3450.0,3427.0,3436.0,143,3437.0,187,99988,3436871980.0,1430494
2020-03-10 09:03:31.070000000,3437.0,3450.0,3427.0,3437.0,42,3438.0,334,100188,3443746080.0,1430633
2020-03-10 09:03:31.575000000,3437.0,3450.0,3427.0,3437.0,170,3438.0,326,100193,3443917930.0,1430633
2020-03-10 09:03:32.076000000,3437.0,3450.0,3427.0,3437.0,223,3438.0,219,100307,3447837110.0,1430651
2020-03-10 09:03:32.570000000,3437.0,3450.0,3427.0,3437.0,245,3438.0,186,100343,3449074630.0,1430627
2020-03-10 09:03:33.075000000,3438.0,3450.0,3427.0,3437.0,237,3438.0,171,100353,3449418340.0,1430625
2020-03-10 09:03:33.557000000,3438.0,3450.0,3427.0,3438.0,61,3439.0,282,100553,3456294350.0,1430722
2020-03-10 09:03:34.077000000,3438.0,3450.0,3427.0,3437.0,120,3438.0,12,100877,3467431690.0,1430974
2020-03-10 09:03:34.576000000,3438.0,3450.0,3427.0,3438.0,45,3439.0,308,100995,3471488110.0,1430986
2020-03-10 09:03:35.075000000,3437.0,3450.0,3427.0,3437.0,99,3438.0,119,101067,3473963450.0,1430994
2020-03-10 09:03:35.575000000,3437.0,3450.0,3427.0,3437.0,52,3438.0,210,101073,3474169680.0,1430997
2020-03-10 09:03:36.076000000,3437.0,3450.0,3427.0,3436.0,311,3438.0,143,101216,3479085690.0,1430864
2020-03-10 09:03:36.569000000,3438.0,3450.0,3427.0,3437.0,19,3438.0,229,101240,3479910650.0,1430874
2020-03-10 09:03:37.068000000,3437.0,3450.0,3427.0,3437.0,13,3438.0,127,101364,3484173650.0,1430796
2020-03-10 09:03:37.573000000,3438.0,3450.0,3427.0,3437.0,114,3438.0,138,101386,3484929950.0,1430807
2020-03-10 09:03:38.073000000,3438.0,3450.0,3427.0,3437.0,143,3438.0,128,101394,3485204940.0,1430810
2020-03-10 09:03:38.572000000,3438.0,3450.0,3427.0,3438.0,4,3439.0,378,101512,3489261720.0,1430773
2020-03-10 09:03:39.068000000,3437.0,3450.0,3427.0,3437.0,122,3438.0,10,101577,3491495890.0,1430780
2020-03-10 09:03:39.573000000,3438.0,3450.0,3427.0,3437.0,197,3438.0,16,101588,3491874070.0,1430783
2020-03-10 09:03:40.062000000,3438.0,3450.0,3427.0,3438.0,90,3439.0,383,101652,3494074270.0,1430795
2020-03-10 09:03:40.578000000,3438.0,3450.0,3427.0,3438.0,57,3439.0,381,101689,3495346350.0,1430764
2020-03-10 09:03:41.070000000,3438.0,3450.0,3427.0,3438.0,97,3439.0,380,101703,3495827680.0,1430754
2020-03-10 09:03:41.578000000,3438.0,3450.0,3427.0,3438.0,49,3439.0,380,101772,3498199900.0,1430718
2020-03-10 09:03:42.071000000,3438.0,3450.0,3427.0,3437.0,286,3438.0,8,101837,3500434690.0,1430751
2020-03-10 09:03:42.575000000,3439.0,3450.0,3427.0,3438.0,42,3439.0,374,101915,3503116340.0,1430689
2020-03-10 09:03:43.077000000,3439.0,3450.0,3427.0,3439.0,24,3440.0,1769,102415,3520311180.0,1430496
2020-03-10 09:03:43.574000000,3438.0,3450.0,3427.0,3439.0,310,3440.0,1737,102496,3523097110.0,1430467
2020-03-10 09:03:44.068000000,3440.0,3450.0,3427.0,3439.0,335,3440.0,1659,102525,3524094310.0,1430484
2020-03-10 09:03:44.577000000,3440.0,3450.0,3427.0,3439.0,243,3440.0,1102,103214,3547794580.0,1430930
2020-03-10 09:03:45.073000000,3439.0,3450.0,3427.0,3439.0,243,3440.0,961,103370,3553160820.0,1431026
2020-03-10 09:03:45.577000000,3440.0,3450.0,3427.0,3439.0,194,3440.0,946,103441,3555602730.0,1431063
2020-03-10 09:03:46.073000000,3440.0,3450.0,3427.0,3439.0,47,3440.0,935,103633,3562205980.0,1431140
2020-03-10 09:03:46.572000000,3440.0,3450.0,3427.0,3439.0,218,3440.0,1064,103700,3564510140.0,1431181
2020-03-10 09:03:47.076000000,3440.0,3450.0,3427.0,3439.0,234,3440.0,1061,103726,3565404440.0,1431188
2020-03-10 09:03:47.569000000,3440.0,3450.0,3427.0,3439.0,212,3440.0,886,103929,3572387350.0,1431364
2020-03-10 09:03:48.076000000,3439.0,3450.0,3427.0,3439.0,230,3440.0,882,103950,3573109700.0,1431379
2020-03-10 09:03:48.563000000,3440.0,3450.0,3427.0,3439.0,195,3440.0,822,104065,3577065150.0,1431441
2020-03-10 09:03:49.076000000,3440.0,3450.0,3427.0,3439.0,190,3440.0,280,104622,3596225880.0,1431331
2020-03-10 09:03:49.574000000,3440.0,3450.0,3427.0,3440.0,549,3441.0,547,104902,3605857930.0,1431262
2020-03-10 09:03:50.076000000,3441.0,3450.0,3427.0,3441.0,43,3442.0,265,105455,3624886650.0,1431254
2020-03-10 09:03:50.560000000,3442.0,3450.0,3427.0,3441.0,466,3442.0,206,105595,3629704820.0,1431281
2020-03-10 09:03:51.066000000,3442.0,3450.0,3427.0,3442.0,447,3443.0,160,105890,3639859350.0,1431210
2020-03-10 09:03:51.575000000,3443.0,3450.0,3427.0,3443.0,777,3444.0,241,106114,3647571680.0,1431204
2020-03-10 09:03:52.076000000,3443.0,3450.0,3427.0,3444.0,4,3445.0,286,107048,3679742130.0,1431195
2020-03-10 09:03:52.571000000,3445.0,3450.0,3427.0,3444.0,424,3445.0,295,107292,3688145880.0,1431197
2020-03-10 09:03:53.070000000,3446.0,3450.0,3427.0,3445.0,146,3446.0,220,107627,3699686870.0,1431267
2020-03-10 09:03:53.576000000,3445.0,3450.0,3427.0,3445.0,270,3446.0,101,107783,3705062430.0,1431299
2020-03-10 09:03:54.075000000,3446.0,3450.0,3427.0,3445.0,385,3446.0,86,107841,3707060710.0,1431342
2020-03-10 09:03:54.538000000,3446.0,3450.0,3427.0,3445.0,345,3446.0,49,108044,3714055410.0,1431428
2020-03-10 09:03:55.077000000,3445.0,3450.0,3427.0,3445.0,393,3446.0,30,108160,3718052750.0,1431353
2020-03-10 09:03:55.573000000,3446.0,3450.0,3427.0,3446.0,2,3447.0,219,108327,3723807520.0,1431278
2020-03-10 09:03:56.070000000,3446.0,3450.0,3427.0,3446.0,66,3447.0,320,108685,3736144260.0,1430988
2020-03-10 09:03:56.575000000,3446.0,3450.0,3427.0,3445.0,382,3446.0,380,109011,3747378180.0,1430939
2020-03-10 09:03:57.074000000,3445.0,3450.0,3427.0,3444.0,422,3445.0,65,109434,3761951020.0,1431026
2020-03-10 09:03:57.573000000,3445.0,3450.0,3427.0,3444.0,333,3445.0,458,109519,3764878990.0,1431000
2020-03-10 09:03:58.077000000,3444.0,3450.0,3427.0,3443.0,203,3444.0,65,109829,3775555520.0,1431146
2020-03-10 09:03:58.573000000,3443.0,3450.0,3427.0,3442.0,296,3443.0,57,110016,3781994040.0,1431117
2020-03-10 09:03:59.065000000,3442.0,3450.0,3427.0,3441.0,334,3442.0,59,110168,3787226050.0,1431063
2020-03-10 09:03:59.572000000,3441.0,3450.0,3427.0,3441.0,190,3442.0,860,110227,3789256480.0,1431079
2020-03-10 09:04:00.075000000,3441.0,3450.0,3427.0,3440.0,321,3441.0,822,110511,3799028920.0,1431181
2020-03-10 09:04:00.577000000,3440.0,3450.0,3427.0,3439.0,304,3440.0,108,111073,3818361710.0,1431108
2020-03-10 09:04:01.067000000,3440.0,3450.0,3427.0,3439.0,247,3440.0,186,111166,3821560810.0,1431028
2020-03-10 09:04:01.574000000,3439.0,3450.0,3427.0,3439.0,249,3440.0,79,111291,3825860750.0,1430990
2020-03-10 09:04:02.075000000,3441.0,3450.0,3427.0,3440.0,24,3441.0,345,111515,3833567410.0,1431083
2020-03-10 09:04:02.564000000,3441.0,3450.0,3427.0,3440.0,12,3441.0,288,111634,3837661110.0,1431010
2020-03-10 09:04:03.076000000,3440.0,3450.0,3427.0,3440.0,5,3441.0,348,111758,3841926380.0,1430937
2020-03-10 09:04:03.574000000,3441.0,3450.0,3427.0,3440.0,78,3441.0,371,111801,3843405840.0,1430905
2020-03-10 09:04:04.072000000,3440.0,3450.0,3427.0,3440.0,108,3441.0,319,111890,3846467660.0,1430857
2020-03-10 09:04:04.575000000,3440.0,3450.0,3427.0,3440.0,174,3441.0,174,112076,3852867770.0,1430846
2020-03-10 09:04:05.051000000,3441.0,3450.0,3427.0,3440.0,206,3441.0,49,112450,3865737080.0,1430900
2020-03-10 09:04:05.573000000,3441.0,3450.0,3427.0,3441.0,352,3442.0,140,112519,3868111370.0,1430905
2020-03-10 09:04:06.077000000,3441.0,3450.0,3427.0,3441.0,769,3442.0,62,112531,3868524300.0,1430905
2020-03-10 09:04:06.573000000,3442.0,3450.0,3427.0,3442.0,152,3443.0,210,112608,3871174640.0,1430886
2020-03-10 09:04:07.074000000,3442.0,3450.0,3427.0,3442.0,86,3443.0,137,112662,3873033320.0,1430934
2020-03-10 09:04:07.577000000,3443.0,3450.0,3427.0,3442.0,104,3443.0,161,112670,3873308710.0,1430936
2020-03-10 09:04:08.071000000,3443.0,3450.0,3427.0,3442.0,237,3443.0,169,112684,3873790610.0,1430950
2020-03-10 09:04:08.577000000,3443.0,3450.0,3427.0,3442.0,273,3443.0,32,112790,3877440060.0,1430938
2020-03-10 09:04:09.069000000,3443.0,3450.0,3427.0,3443.0,5,3444.0,299,112880,3880538760.0,1430970
2020-03-10 09:04:09.567000000,3443.0,3450.0,3427.0,3442.0,253,3443.0,1,113027,3885599540.0,1430946
2020-03-10 09:04:10.074000000,3443.0,3450.0,3427.0,3443.0,56,3444.0,284,113103,3888216250.0,1430901
2020-03-10 09:04:10.569000000,3444.0,3450.0,3427.0,3442.0,267,3444.0,280,113172,3890591890.0,1430924
2020-03-10 09:04:11.078000000,3443.0,3450.0,3427.0,3442.0,250,3443.0,2,113199,3891521300.0,1430936
2020-03-10 09:04:11.577000000,3443.0,3450.0,3427.0,3442.0,253,3443.0,15,113218,3892175440.0,1430944
2020-03-10 09:04:12.076000000,3443.0,3450.0,3427.0,3442.0,260,3443.0,74,113250,3893277260.0,1430943
2020-03-10 09:04:12.576000000,3442.0,3450.0,3427.0,3442.0,254,3443.0,60,113279,3894275690.0,1430960
2020-03-10 09:04:13.075000000,3443.0,3450.0,3427.0,3442.0,253,3443.0,77,113331,3896066020.0,1430986
2020-03-10 09:04:13.568000000,3442.0,3450.0,3427.0,3442.0,233,3443.0,104,113391,3898131600.0,1430967
2020-03-10 09:04:14.074000000,3443.0,3450.0,3427.0,3442.0,252,3443.0,88,113419,3899095570.0,1430964
2020-03-10 09:04:14.577000000,3443.0,3450.0,3427.0,3442.0,207,3443.0,343,113478,3901126430.0,1431016
2020-03-10 09:04:15.076000000,3442.0,3450.0,3427.0,3441.0,1002,3442.0,50,113766,3911040630.0,1431000
2020-03-10 09:04:15.577000000,3442.0,3450.0,3427.0,3442.0,468,3443.0,313,113828,3913174680.0,1431033
2020-03-10 09:04:16.070000000,3443.0,3450.0,3427.0,3442.0,416,3443.0,276,113929,3916651400.0,1431026
2020-03-10 09:04:16.577000000,3443.0,3450.0,3427.0,3442.0,417,3443.0,173,114046,3920679660.0,1430919
2020-03-10 09:04:17.076000000,3443.0,3450.0,3427.0,3443.0,21,3444.0,483,114230,3927014780.0,1430966
2020-03-10 09:04:17.573000000,3443.0,3450.0,3427.0,3443.0,2,3444.0,472,114279,3928701860.0,1430975
2020-03-10 09:04:18.075000000,3443.0,3450.0,3427.0,3442.0,504,3443.0,17,114457,3934831550.0,1430915
2020-03-10 09:04:18.576000000,3443.0,3450.0,3427.0,3443.0,55,3444.0,376,114496,3936174330.0,1430913
2020-03-10 09:04:19.076000000,3444.0,3450.0,3427.0,3443.0,1,3444.0,205,114755,3945093490.0,1430813
2020-03-10 09:04:19.571000000,3444.0,3450.0,3427.0,3443.0,148,3444.0,194,114797,3946539700.0,1430822
2020-03-10 09:04:20.078000000,3443.0,3450.0,3427.0,3443.0,223,3444.0,90,114999,3953495740.0,1430816
2020-03-10 09:04:20.577000000,3444.0,3450.0,3427.0,3444.0,59,3445.0,654,115084,3956423060.0,1430795
2020-03-10 09:04:21.074000000,3443.0,3450.0,3427.0,3443.0,177,3444.0,34,115265,3962655970.0,1430723
2020-03-10 09:04:21.572000000,3443.0,3450.0,3427.0,3443.0,204,3444.0,49,115278,3963103580.0,1430732
2020-03-10 09:04:22.071000000,3444.0,3450.0,3427.0,3444.0,66,3445.0,644,115355,3965755590.0,1430684
2020-03-10 09:04:22.577000000,3444.0,3450.0,3427.0,3444.0,624,3445.0,637,115441,3968717460.0,1430746
2020-03-10 09:04:23.072000000,3444.0,3450.0,3427.0,3444.0,584,3445.0,157,115986,3987491560.0,1430942
2020-03-10 09:04:23.578000000,3445.0,3450.0,3427.0,3445.0,793,3446.0,311,116172,3993899240.0,1430971
2020-03-10 09:04:24.073000000,3445.0,3450.0,3427.0,3445.0,672,3446.0,402,116312,3998723210.0,1431007
2020-03-10 09:04:24.574000000,3446.0,3450.0,3427.0,3445.0,500,3446.0,139,116649,4010335530.0,1431006
2020-03-10 09:04:25.076000000,3446.0,3450.0,3427.0,3446.0,567,3447.0,473,116796,4015401150.0,1431014
2020-03-10 09:04:25.566000000,3446.0,3450.0,3427.0,3446.0,748,3447.0,360,116930,4020019200.0,1431050
2020-03-10 09:04:26.068000000,3446.0,3450.0,3427.0,3446.0,758,3447.0,277,117024,4023259260.0,1431053
2020-03-10 09:04:26.576000000,3446.0,3450.0,3427.0,3446.0,1056,3447.0,137,117281,4032116880.0,1431141
2020-03-10 09:04:27.075000000,3447.0,3450.0,3427.0,3447.0,364,3448.0,393,117461,4038321480.0,1431072
2020-03-10 09:04:27.574000000,3447.0,3450.0,3427.0,3447.0,396,3448.0,284,117572,4042148400.0,1431092
2020-03-10 09:04:28.070000000,3447.0,3450.0,3427.0,3447.0,383,3448.0,203,117669,4045492720.0,1431107
2020-03-10 09:04:28.576000000,3446.0,3450.0,3427.0,3446.0,1247,3447.0,8,118218,4064415870.0,1431388
2020-03-10 09:04:29.058000000,3447.0,3450.0,3427.0,3447.0,125,3448.0,113,118636,4078825380.0,1431139
2020-03-10 09:04:29.566000000,3448.0,3450.0,3427.0,3448.0,72,3449.0,293,118965,4090169260.0,1431292
2020-03-10 09:04:30.074000000,3447.0,3450.0,3427.0,3447.0,97,3448.0,31,119363,4103891750.0,1431413
2020-03-10 09:04:30.564000000,3447.0,3450.0,3427.0,3447.0,130,3449.0,318,119792,4118682030.0,1431263
2020-03-10 09:04:31.064000000,3449.0,3450.0,3427.0,3447.0,126,3448.0,1,119878,4121647250.0,1431255
2020-03-10 09:04:31.573000000,3447.0,3450.0,3427.0,3446.0,932,3447.0,46,120635,4147750590.0,1431165
2020-03-10 09:04:32.075000000,3449.0,3450.0,3427.0,3448.0,273,3449.0,116,121104,4163917630.0,1431037
2020-03-10 09:04:32.576000000,3448.0,3450.0,3427.0,3448.0,271,3450.0,2203,121413,4174574260.0,1431286
2020-03-10 09:04:33.076000000,3448.0,3450.0,3427.0,3448.0,26,3449.0,17,121707,4184711710.0,1431443
2020-03-10 09:04:33.568000000,3449.0,3450.0,3427.0,3449.0,45,3450.0,2234,122333,4206300490.0,1431080
2020-03-10 09:04:34.076000000,3450.0,3450.0,3427.0,3448.0,190,3450.0,1826,122879,4225135710.0,1431378
2020-03-10 09:04:34.577000000,3450.0,3451.0,3427.0,3450.0,428,3451.0,271,125024,4299136190.0,1431927
2020-03-10 09:04:35.075000000,3451.0,3452.0,3427.0,3451.0,815,3452.0,203,125908,4329643490.0,1431928
2020-03-10 09:04:35.578000000,3452.0,3453.0,3427.0,3452.0,244,3453.0,88,126436,4347870620.0,1432164
2020-03-10 09:04:36.074000000,3453.0,3454.0,3427.0,3453.0,421,3454.0,119,127403,4381253380.0,1432199
2020-03-10 09:04:36.576000000,3453.0,3454.0,3427.0,3452.0,325,3453.0,414,128502,4419204170.0,1431751
2020-03-10 09:04:37.074000000,3452.0,3454.0,3427.0,3451.0,355,3452.0,292,129683,4459976400.0,1432000
2020-03-10 09:04:37.570000000,3450.0,3454.0,3427.0,3450.0,262,3451.0,74,130099,4474332910.0,1431928
2020-03-10 09:04:38.078000000,3451.0,3454.0,3427.0,3450.0,134,3451.0,238,130925,4502836570.0,1431924
2020-03-10 09:04:38.574000000,3450.0,3454.0,3427.0,3449.0,207,3450.0,448,131185,4511806740.0,1431886
2020-03-10 09:04:39.077000000,3451.0,3454.0,3427.0,3449.0,12,3451.0,329,132029,4540923690.0,1431948
2020-03-10 09:04:39.575000000,3451.0,3454.0,3427.0,3451.0,86,3452.0,343,132789,4567146640.0,1431826
2020-03-10 09:04:40.076000000,3451.0,3454.0,3427.0,3450.0,67,3451.0,135,133060,4576498800.0,1431998
2020-03-10 09:04:40.574000000,3450.0,3454.0,3427.0,3450.0,271,3451.0,2,133325,4585644020.0,1432088
2020-03-10 09:04:41.076000000,3451.0,3454.0,3427.0,3451.0,486,3452.0,356,133586,4594651280.0,1432065
2020-03-10 09:04:41.576000000,3451.0,3454.0,3427.0,3451.0,340,3452.0,22,134446,4624336290.0,1432526
2020-03-10 09:04:42.076000000,3452.0,3454.0,3427.0,3452.0,211,3453.0,214,134586,4629169100.0,1432557
2020-03-10 09:04:42.569000000,3451.0,3454.0,3427.0,3451.0,379,3453.0,221,134941,4641423650.0,1432493
2020-03-10 09:04:43.077000000,3451.0,3454.0,3427.0,3451.0,290,3452.0,2,135066,4645738360.0,1432543
2020-03-10 09:04:43.576000000,3451.0,3454.0,3427.0,3451.0,153,3452.0,13,135260,4652433960.0,1432592
2020-03-10 09:04:44.076000000,3450.0,3454.0,3427.0,3450.0,222,3451.0,7,135533,4661854200.0,1432544
2020-03-10 09:04:44.577000000,3451.0,3454.0,3427.0,3451.0,221,3452.0,218,135848,4672725010.0,1432583
2020-03-10 09:04:45.076000000,3451.0,3454.0,3427.0,3450.0,187,3451.0,6,136175,4684010110.0,1432627
2020-03-10 09:04:45.570000000,3451.0,3454.0,3427.0,3450.0,117,3451.0,265,136350,4690048130.0,1432582
2020-03-10 09:04:46.076000000,3452.0,3454.0,3427.0,3450.0,15,3451.0,6,137167,4718239760.0,1432925
2020-03-10 09:04:46.577000000,3451.0,3454.0,3427.0,3450.0,153,3451.0,6,137230,4720413660.0,1432909
2020-03-10 09:04:47.077000000,3451.0,3454.0,3427.0,3451.0,479,3452.0,234,137415,4726796830.0,1432898
2020-03-10 09:04:47.575000000,3452.0,3454.0,3427.0,3451.0,293,3452.0,178,137710,4736978100.0,1432859
2020-03-10 09:04:48.062000000,3451.0,3454.0,3427.0,3450.0,61,3451.0,3,138067,4749297870.0,1433113
2020-03-10 09:04:48.575000000,3450.0,3454.0,3427.0,3450.0,111,3451.0,303,138125,4751299340.0,1433112
2020-03-10 09:04:49.074000000,3451.0,3454.0,3427.0,3451.0,4,3452.0,211,138863,4776766960.0,1433367
2020-03-10 09:04:49.577000000,3451.0,3454.0,3427.0,3450.0,36,3451.0,97,138990,4781149420.0,1433430
2020-03-10 09:04:50.078000000,3451.0,3454.0,3427.0,3450.0,15,3451.0,111,139160,4787014950.0,1433404
2020-03-10 09:04:50.577000000,3450.0,3454.0,3427.0,3450.0,147,3451.0,133,139217,4788981870.0,1433425
2020-03-10 09:04:51.071000000,3450.0,3454.0,3427.0,3450.0,194,3451.0,157,139334,4793019250.0,1433435
2020-03-10 09:04:51.576000000,3450.0,3454.0,3427.0,3450.0,224,3451.0,185,139379,4794571990.0,1433437
2020-03-10 09:04:52.066000000,3451.0,3454.0,3427.0,3451.0,42,3452.0,1,139960,4814625890.0,1433291
2020-03-10 09:04:52.575000000,3452.0,3454.0,3427.0,3452.0,74,3453.0,508,140122,4820218140.0,1433256
2020-03-10 09:04:53.073000000,3452.0,3454.0,3427.0,3452.0,124,3453.0,471,140284,4825810410.0,1433194
2020-03-10 09:04:53.577000000,3452.0,3454.0,3427.0,3452.0,165,3454.0,268,140827,4844559780.0,1433436
2020-03-10 09:04:54.078000000,3454.0,3454.0,3427.0,3453.0,377,3454.0,247,140873,4846148460.0,1433449
2020-03-10 09:04:54.577000000,3455.0,3455.0,3427.0,3453.0,405,3455.0,857,141361,4863004170.0,1433414
2020-03-10 09:04:55.078000000,3453.0,3455.0,3427.0,3453.0,311,3454.0,9,141750,4876440770.0,1433330
2020-03-10 09:04:55.575000000,3454.0,3455.0,3427.0,3454.0,96,3455.0,668,141845,4879722560.0,1433326
2020-03-10 09:04:56.078000000,3454.0,3455.0,3427.0,3453.0,320,3454.0,8,142182,4891362600.0,1433248
2020-03-10 09:04:56.577000000,3454.0,3455.0,3427.0,3453.0,265,3454.0,277,142274,4894539900.0,1433247
2020-03-10 09:04:57.078000000,3454.0,3455.0,3427.0,3453.0,129,3454.0,479,142394,4898683930.0,1433297
2020-03-10 09:04:57.571000000,3453.0,3455.0,3427.0,3452.0,75,3453.0,134,142897,4916050040.0,1433196
2020-03-10 09:04:58.073000000,3452.0,3455.0,3427.0,3451.0,522,3452.0,248,143094,4922850480.0,1433211
2020-03-10 09:04:58.574000000,3452.0,3455.0,3427.0,3451.0,397,3452.0,91,143277,4929167110.0,1433132
2020-03-10 09:04:59.076000000,3452.0,3455.0,3427.0,3451.0,241,3452.0,26,143531,4937933470.0,1433054
2020-03-10 09:04:59.570000000,3453.0,3455.0,3427.0,3452.0,1,3453.0,239,143711,4944147740.0,1433047
2020-03-10 09:05:00.074000000,3452.0,3455.0,3427.0,3452.0,1,3453.0,62,144069,4956507820.0,1432957
2020-03-10 09:05:00.577000000,3454.0,3455.0,3427.0,3453.0,77,3454.0,335,144452,4969732810.0,1433008
2020-03-10 09:05:01.073000000,3453.0,3455.0,3427.0,3453.0,35,3454.0,379,144609,4975154130.0,1432991
2020-03-10 09:05:01.578000000,3453.0,3455.0,3427.0,3451.0,221,3453.0,364,144917,4985788260.0,1433070
2020-03-10 09:05:02.071000000,3451.0,3455.0,3427.0,3451.0,207,3452.0,11,145107,4992346230.0,1433036
2020-03-10 09:05:02.577000000,3452.0,3455.0,3427.0,3451.0,121,3452.0,183,145289,4998627730.0,1432969
2020-03-10 09:05:03.078000000,3451.0,3455.0,3427.0,3450.0,238,3451.0,45,145479,5005184550.0,1432935
2020-03-10 09:05:03.575000000,3451.0,3455.0,3427.0,3450.0,285,3451.0,60,145595,5009187680.0,1432942
2020-03-10 09:05:04.078000000,3450.0,3455.0,3427.0,3450.0,375,3451.0,7,145815,5016779860.0,1432902
2020-03-10 09:05:04.577000000,3451.0,3455.0,3427.0,3450.0,357,3451.0,49,146016,5023716270.0,1432955
2020-03-10 09:05:05.074000000,3450.0,3455.0,3427.0,3450.0,216,3451.0,76,146121,5027338910.0,1433007
2020-03-10 09:05:05.577000000,3450.0,3455.0,3427.0,3449.0,814,3450.0,82,146369,5035894970.0,1433094
2020-03-10 09:05:06.078000000,3450.0,3455.0,3427.0,3449.0,728,3450.0,111,146504,5040551370.0,1433008
2020-03-10 09:05:06.568000000,3450.0,3455.0,3427.0,3449.0,734,3450.0,138,146522,5041172330.0,1433007
2020-03-10 09:05:07.064000000,3450.0,3455.0,3427.0,3449.0,713,3450.0,99,146605,5044035570.0,1433029
2020-03-10 09:05:07.572000000,3449.0,3455.0,3427.0,3449.0,709,3450.0,74,146641,5045277410.0,1433013
2020-03-10 09:05:08.077000000,3449.0,3455.0,3427.0,3449.0,556,3450.0,217,146865,5053003810.0,1432862
2020-03-10 09:05:08.577000000,3449.0,3455.0,3427.0,3448.0,108,3449.0,36,147436,5072697600.0,1432705
2020-03-10 09:05:09.074000000,3448.0,3455.0,3427.0,3447.0,315,3449.0,284,147606,5078559860.0,1432807
2020-03-10 09:05:09.576000000,3447.0,3455.0,3427.0,3447.0,83,3448.0,243,147896,5088556350.0,1432725
2020-03-10 09:05:10.077000000,3447.0,3455.0,3427.0,3446.0,314,3447.0,327,148024,5092968500.0,1432724
2020-03-10 09:05:10.578000000,3446.0,3455.0,3427.0,3445.0,112,3446.0,2,148366,5104754280.0,1432836
2020-03-10 09:05:11.077000000,3445.0,3455.0,3427.0,3445.0,106,3446.0,388,148525,5110232150.0,1432766
2020-03-10 09:05:11.561000000,3445.0,3455.0,3427.0,3444.0,163,3445.0,461,148696,5116123040.0,1432701
2020-03-10 09:05:12.074000000,3444.0,3455.0,3427.0,3444.0,9,3445.0,318,149022,5127351480.0,1432768
2020-03-10 09:05:12.572000000,3445.0,3455.0,3427.0,3444.0,66,3445.0,358,149204,5133621000.0,1432629
2020-03-10 09:05:13.076000000,3445.0,3455.0,3427.0,3444.0,60,3445.0,338,149343,5138408140.0,1432612
2020-03-10 09:05:13.578000000,3444.0,3455.0,3427.0,3444.0,18,3445.0,287,149572,5146295720.0,1432509
2020-03-10 09:05:14.922001000,3444.0,3455.0,3427.0,3443.0,369,3444.0,6,149644,5148775430.0,1432504
2020-03-10 09:05:14.922002000,3444.0,3455.0,3427.0,3444.0,92,3445.0,331,149817,5154732570.0,1432487
2020-03-10 09:05:15.077000000,3444.0,3455.0,3427.0,3443.0,254,3444.0,208,149979,5160311790.0,1432347
2020-03-10 09:05:15.577000000,3444.0,3455.0,3427.0,3443.0,154,3444.0,39,150303,5171469530.0,1432315
2020-03-10 09:05:16.076000000,3444.0,3455.0,3427.0,3444.0,15,3445.0,496,150383,5174224850.0,1432311
2020-03-10 09:05:16.576000000,3444.0,3455.0,3427.0,3443.0,160,3444.0,176,150552,5180044020.0,1432283
2020-03-10 09:05:17.076000000,3445.0,3455.0,3427.0,3444.0,262,3445.0,495,150925,5192889150.0,1432533
2020-03-10 09:05:17.570000000,3445.0,3455.0,3427.0,3444.0,106,3445.0,498,151151,5200672670.0,1432540
2020-03-10 09:05:18.077000000,3443.0,3455.0,3427.0,3443.0,158,3444.0,32,151278,5205046500.0,1432472
2020-03-10 09:05:18.577000000,3444.0,3455.0,3427.0,3443.0,33,3444.0,24,151514,5213172720.0,1432357
2020-03-10 09:05:19.078000000,3444.0,3455.0,3427.0,3444.0,457,3445.0,513,151599,5216100070.0,1432400
2020-03-10 09:05:19.576000000,3445.0,3455.0,3427.0,3445.0,58,3446.0,369,152436,5244931850.0,1432528
2020-03-10 09:05:20.074000000,3445.0,3455.0,3427.0,3445.0,383,3446.0,355,152469,5246068710.0,1432513
2020-03-10 09:05:20.573000000,3445.0,3455.0,3427.0,3445.0,387,3447.0,183,152859,5259507710.0,1432599
2020-03-10 09:05:21.078000000,3446.0,3455.0,3427.0,3446.0,157,3447.0,128,152952,5262713080.0,1432669
2020-03-10 09:05:21.569000000,3446.0,3455.0,3427.0,3446.0,196,3447.0,62,153272,5273742260.0,1432574
2020-03-10 09:05:22.073000000,3447.0,3455.0,3427.0,3447.0,27,3448.0,176,153498,5281532580.0,1432773
2020-03-10 09:05:22.577000000,3447.0,3455.0,3427.0,3447.0,64,3448.0,113,153609,5285358850.0,1432780
2020-03-10 09:05:23.078000000,3447.0,3455.0,3427.0,3447.0,74,3448.0,110,153713,5288943750.0,1432739
2020-03-10 09:05:23.568000000,3447.0,3455.0,3427.0,3447.0,115,3448.0,80,153752,5290288390.0,1432739
2020-03-10 09:05:24.078000000,3448.0,3455.0,3427.0,3448.0,95,3449.0,620,153909,5295701580.0,1432802
2020-03-10 09:05:24.575000000,3448.0,3455.0,3427.0,3448.0,2,3449.0,533,154052,5300632190.0,1432920
2020-03-10 09:05:25.077000000,3448.0,3455.0,3427.0,3447.0,164,3448.0,47,154090,5301942400.0,1432910
2020-03-10 09:05:25.567000000,3448.0,3455.0,3427.0,3448.0,347,3449.0,379,154362,5311322980.0,1433106
2020-03-10 09:05:26.076000000,3448.0,3455.0,3427.0,3449.0,9,3450.0,281,155194,5340017540.0,1433264
2020-03-10 09:05:26.577000000,3449.0,3455.0,3427.0,3449.0,326,3450.0,206,155253,5342052450.0,1433227
2020-03-10 09:05:27.073000000,3450.0,3455.0,3427.0,3450.0,2,3451.0,178,155495,5350401090.0,1433358
2020-03-10 09:05:27.578000000,3449.0,3455.0,3427.0,3449.0,354,3450.0,7,155592,5353747410.0,1433363
2020-03-10 09:05:28.076000000,3451.0,3455.0,3427.0,3451.0,270,3452.0,197,155845,5362478240.0,1433488
2020-03-10 09:05:28.570000000,3451.0,3455.0,3427.0,3450.0,165,3451.0,34,156197,5374625460.0,1433468
2020-03-10 09:05:29.078000000,3450.0,3455.0,3427.0,3450.0,114,3451.0,105,156299,5378144470.0,1433455
2020-03-10 09:05:29.568000000,3450.0,3455.0,3427.0,3450.0,85,3451.0,223,156387,5381181070.0,1433455
2020-03-10 09:05:30.066000000,3450.0,3455.0,3427.0,3449.0,579,3450.0,370,156594,5388322460.0,1433400
2020-03-10 09:05:30.553000000,3450.0,3455.0,3427.0,3450.0,119,3451.0,305,157017,5402915620.0,1433351
2020-03-10 09:05:31.069000000,3450.0,3455.0,3427.0,3449.0,513,3450.0,128,157237,5410505610.0,1433177
2020-03-10 09:05:31.578000000,3449.0,3455.0,3427.0,3449.0,430,3450.0,99,157338,5413989370.0,1433186
2020-03-10 09:05:32.068000000,3449.0,3455.0,3427.0,3448.0,232,3449.0,70,157788,5429510020.0,1432974
2020-03-10 09:05:32.578000000,3449.0,3455.0,3427.0,3448.0,230,3449.0,467,157820,5430613700.0,1432971
2020-03-10 09:05:33.076000000,3448.0,3455.0,3427.0,3447.0,151,3448.0,254,158087,5439819860.0,1433054
2020-03-10 09:05:33.571000000,3447.0,3455.0,3427.0,3446.0,326,3447.0,42,158364,5449367920.0,1433171
2020-03-10 09:05:34.078000000,3446.0,3455.0,3427.0,3445.0,414,3447.0,122,158763,5463118680.0,1433417
2020-03-10 09:05:34.573000000,3447.0,3455.0,3427.0,3446.0,57,3447.0,88,159069,5473665160.0,1433493
2020-03-10 09:05:35.078000000,3446.0,3455.0,3427.0,3446.0,74,3447.0,173,159091,5474423460.0,1433478
2020-03-10 09:05:35.567000000,3447.0,3455.0,3427.0,3446.0,86,3447.0,264,159118,5475353960.0,1433476
2020-03-10 09:05:36.077000000,3446.0,3455.0,3427.0,3446.0,101,3447.0,272,159205,5478352100.0,1433423
2020-03-10 09:05:36.571000000,3446.0,3455.0,3427.0,3445.0,322,3446.0,11,159389,5484692150.0,1433420
2020-03-10 09:05:37.069000000,3446.0,3455.0,3427.0,3445.0,285,3446.0,31,159414,5485553620.0,1433418
2020-03-10 09:05:37.574000000,3445.0,3455.0,3427.0,3445.0,275,3446.0,16,159473,5487586630.0,1433411
2020-03-10 09:05:38.077000000,3446.0,3455.0,3427.0,3445.0,255,3446.0,5,159581,5491308170.0,1433400
2020-03-10 09:05:38.578000000,3446.0,3455.0,3427.0,3446.0,436,3447.0,308,159666,5494237280.0,1433374
2020-03-10 09:05:39.073000000,3444.0,3455.0,3427.0,3445.0,11,3446.0,29,160571,5525419900.0,1433049
2020-03-10 09:05:39.575000000,3445.0,3455.0,3427.0,3444.0,414,3445.0,258,160838,5534618050.0,1433172
2020-03-10 09:05:40.071000000,3445.0,3455.0,3427.0,3444.0,419,3445.0,311,160876,5535927140.0,1433171
2020-03-10 09:05:40.578000000,3445.0,3455.0,3427.0,3444.0,438,3445.0,90,161136,5544883820.0,1433272
2020-03-10 09:05:41.074000000,3445.0,3455.0,3427.0,3445.0,421,3446.0,153,161376,5553152930.0,1433340
2020-03-10 09:05:41.576000000,3445.0,3455.0,3427.0,3445.0,887,3446.0,65,161442,5555426630.0,1433299
2020-03-10 09:05:42.068000000,3446.0,3455.0,3427.0,3446.0,411,3447.0,263,161612,5561284840.0,1433255
2020-03-10 09:05:42.568000000,3446.0,3455.0,3427.0,3446.0,426,3448.0,507,161799,5567730650.0,1433263
2020-03-10 09:05:43.078000000,3446.0,3455.0,3427.0,3446.0,408,3447.0,60,162059,5576694120.0,1433406
2020-03-10 09:05:43.572000000,3446.0,3455.0,3427.0,3446.0,385,3447.0,18,162217,5582139740.0,1433337
2020-03-10 09:05:44.076000000,3446.0,3455.0,3427.0,3446.0,376,3447.0,83,162247,5583173640.0,1433327
2020-03-10 09:05:44.576000000,3447.0,3455.0,3427.0,3447.0,15,3448.0,321,162417,5589033000.0,1433385
2020-03-10 09:05:45.076000000,3446.0,3455.0,3427.0,3446.0,327,3448.0,343,162438,5589756840.0,1433386
2020-03-10 09:05:45.577000000,3447.0,3455.0,3427.0,3447.0,172,3448.0,343,162444,5589963640.0,1433388
2020-03-10 09:05:46.065000000,3447.0,3455.0,3427.0,3447.0,79,3448.0,372,162581,5594686350.0,1433423
2020-03-10 09:05:46.569000000,3446.0,3455.0,3427.0,3446.0,281,3447.0,3,162715,5599304770.0,1433541
2020-03-10 09:05:47.070000000,3447.0,3455.0,3427.0,3447.0,22,3448.0,371,162734,5599959660.0,1433548
2020-03-10 09:05:47.566000000,3447.0,3455.0,3427.0,3447.0,112,3448.0,385,162791,5601924460.0,1433516
2020-03-10 09:05:48.073000000,3447.0,3455.0,3427.0,3446.0,316,3447.0,175,162933,5606819100.0,1433516
2020-03-10 09:05:48.574000000,3446.0,3455.0,3427.0,3446.0,307,3447.0,187,162957,5607646330.0,1433503
2020-03-10 09:05:49.069000000,3446.0,3455.0,3427.0,3446.0,255,3447.0,202,162967,5607990940.0,1433506
2020-03-10 09:05:49.572000000,3447.0,3455.0,3427.0,3446.0,247,3447.0,137,163151,5614333370.0,1433535
2020-03-10 09:05:50.073000000,3447.0,3455.0,3427.0,3446.0,289,3447.0,45,163268,5618366140.0,1433623
2020-03-10 09:05:50.575000000,3446.0,3455.0,3427.0,3446.0,348,3447.0,82,163343,5620950980.0,1433605
2020-03-10 09:05:51.077000000,3447.0,3455.0,3427.0,3446.0,548,3447.0,140,163354,5621330100.0,1433606
2020-03-10 09:05:51.578000000,3446.0,3455.0,3427.0,3446.0,726,3447.0,164,163373,5621984950.0,1433598
2020-03-10 09:05:52.075000000,3447.0,3455.0,3427.0,3447.0,35,3448.0,509,163563,5628534090.0,1433539
2020-03-10 09:05:52.578000000,3446.0,3455.0,3427.0,3446.0,701,3447.0,130,163666,5632083930.0,1433525
2020-03-10 09:05:53.076000000,3446.0,3455.0,3427.0,3446.0,668,3447.0,129,163745,5634806440.0,1433531
2020-03-10 09:05:53.563000000,3446.0,3455.0,3427.0,3446.0,820,3447.0,139,163832,5637804750.0,1433560
2020-03-10 09:05:54.076000000,3446.0,3455.0,3427.0,3446.0,941,3447.0,96,163850,5638425180.0,1433565
2020-03-10 09:05:54.578000000,3447.0,3455.0,3427.0,3446.0,894,3447.0,101,163912,5640561860.0,1433580
2020-03-10 09:05:55.078000000,3446.0,3455.0,3427.0,3446.0,847,3447.0,16,164074,5646145500.0,1433592
2020-03-10 09:05:55.560000000,3447.0,3455.0,3427.0,3446.0,853,3447.0,30,164080,5646352290.0,1433596
2020-03-10 09:05:56.077000000,3446.0,3455.0,3427.0,3446.0,845,3447.0,5,164121,5647765480.0,1433618
2020-03-10 09:05:56.574000000,3447.0,3455.0,3427.0,3446.0,846,3447.0,188,164155,5648937450.0,1433619
2020-03-10 09:05:57.078000000,3447.0,3455.0,3427.0,3446.0,845,3447.0,231,164164,5649247620.0,1433624
2020-03-10 09:05:57.572000000,3446.0,3455.0,3427.0,3446.0,832,3447.0,174,164233,5651625950.0,1433687
2020-03-10 09:05:58.071000000,3447.0,3455.0,3427.0,3446.0,702,3447.0,170,164259,5652521970.0,1433701
2020-03-10 09:05:58.572000000,3447.0,3455.0,3427.0,3446.0,714,3447.0,46,164397,5657278770.0,1433704
2020-03-10 09:05:59.073000000,3447.0,3455.0,3427.0,3446.0,715,3447.0,75,164409,5657692330.0,1433707
2020-03-10 09:05:59.575000000,3447.0,3455.0,3427.0,3447.0,3,3448.0,487,164488,5660415230.0,1433769
2020-03-10 09:06:00.055000000,3447.0,3455.0,3427.0,3447.0,75,3448.0,549,164561,5662931390.0,1433760
2020-03-10 09:06:00.577000000,3448.0,3455.0,3427.0,3447.0,9,3448.0,538,164676,5666895520.0,1433766
2020-03-10 09:06:01.066000000,3447.0,3455.0,3427.0,3447.0,289,3448.0,424,164758,5669722570.0,1433783
2020-03-10 09:06:01.573000000,3448.0,3455.0,3427.0,3448.0,93,3449.0,540,165172,5683997410.0,1433588
2020-03-10 09:06:02.078000000,3448.0,3455.0,3427.0,3448.0,143,3449.0,536,165218,5685583490.0,1433568
2020-03-10 09:06:02.577000000,3448.0,3455.0,3427.0,3448.0,118,3449.0,542,165262,5687100620.0,1433568
2020-03-10 09:06:03.078000000,3448.0,3455.0,3427.0,3448.0,23,3449.0,550,165349,5690100390.0,1433629
2020-03-10 09:06:03.574000000,3448.0,3455.0,3427.0,3447.0,391,3448.0,36,165399,5691824390.0,1433645
2020-03-10 09:06:04.074000000,3447.0,3455.0,3427.0,3447.0,367,3448.0,116,165455,5693754720.0,1433646
2020-03-10 09:06:04.578000000,3448.0,3455.0,3427.0,3447.0,352,3448.0,151,165466,5694133970.0,1433653
2020-03-10 09:06:05.072000000,3447.0,3455.0,3427.0,3447.0,305,3448.0,108,165579,5698029720.0,1433628
2020-03-10 09:06:05.577000000,3448.0,3455.0,3427.0,3447.0,330,3448.0,109,165586,5698271050.0,1433633
2020-03-10 09:06:06.070000000,3447.0,3455.0,3427.0,3447.0,319,3448.0,92,165637,5700029230.0,1433675
2020-03-10 09:06:06.573000000,3448.0,3455.0,3427.0,3447.0,276,3448.0,94,165702,5702269890.0,1433717
2020-03-10 09:06:07.051000000,3448.0,3455.0,3427.0,3447.0,255,3448.0,102,165714,5702683580.0,1433726
2020-03-10 09:06:07.578000000,3448.0,3455.0,3427.0,3447.0,152,3448.0,116,165821,5706371890.0,1433732
2020-03-10 09:06:08.068000000,3448.0,3455.0,3427.0,3447.0,133,3448.0,153,165950,5710819170.0,1433696
2020-03-10 09:06:08.574000000,3447.0,3455.0,3427.0,3447.0,110,3448.0,153,166010,5712887450.0,1433703
2020-03-10 09:06:09.073000000,3447.0,3455.0,3427.0,3447.0,90,3448.0,156,166045,5714093930.0,1433707
2020-03-10 09:06:09.568000000,3448.0,3455.0,3427.0,3448.0,124,3449.0,552,166268,5721782560.0,1433632
2020-03-10 09:06:10.062000000,3446.0,3455.0,3427.0,3446.0,750,3448.0,175,166561,5731883520.0,1433407
2020-03-10 09:06:10.574000000,3447.0,3455.0,3427.0,3447.0,60,3448.0,236,166608,5733503680.0,1433422
2020-03-10 09:06:11.078000000,3447.0,3455.0,3427.0,3447.0,98,3448.0,222,166621,5733951860.0,1433419
2020-03-10 09:06:11.578000000,3448.0,3455.0,3427.0,3447.0,319,3448.0,79,166640,5734606910.0,1433417
2020-03-10 09:06:12.061000000,3447.0,3455.0,3427.0,3447.0,349,3449.0,590,166684,5736123970.0,1433410
2020-03-10 09:06:12.577000000,3448.0,3455.0,3427.0,3447.0,386,3448.0,199,166688,5736261860.0,1433408
2020-03-10 09:06:13.077000000,3447.0,3455.0,3427.0,3447.0,364,3448.0,215,166712,5737089140.0,1433403
2020-03-10 09:06:13.577000000,3448.0,3455.0,3427.0,3447.0,348,3448.0,289,166752,5738468200.0,1433399
2020-03-10 09:06:14.075000000,3447.0,3455.0,3427.0,3447.0,277,3448.0,156,166976,5746190890.0,1433394
2020-03-10 09:06:14.564000000,3447.0,3455.0,3427.0,3447.0,255,3448.0,25,167167,5752776020.0,1433357
2020-03-10 09:06:15.069000000,3448.0,3455.0,3427.0,3448.0,8,3449.0,449,167372,5759845520.0,1433539
2020-03-10 09:06:15.577000000,3448.0,3455.0,3427.0,3448.0,147,3449.0,522,167464,5763017680.0,1433546
2020-03-10 09:06:16.071000000,3449.0,3455.0,3427.0,3448.0,150,3449.0,519,167530,5765293390.0,1433512
2020-03-10 09:06:16.578000000,3449.0,3455.0,3427.0,3448.0,174,3449.0,2,168046,5783090220.0,1433948
2020-03-10 09:06:17.075000000,3449.0,3455.0,3427.0,3449.0,331,3450.0,526,168304,5791990860.0,1434162
2020-03-10 09:06:17.579000000,3449.0,3455.0,3427.0,3449.0,168,3450.0,458,168486,5798268830.0,1434326
2020-03-10 09:06:18.077000000,3449.0,3455.0,3427.0,3449.0,127,3450.0,151,168846,5810688410.0,1434631
2020-03-10 09:06:18.576000000,3450.0,3455.0,3427.0,3450.0,33,3451.0,283,169049,5817691720.0,1434750
2020-03-10 09:06:19.072000000,3451.0,3455.0,3427.0,3450.0,136,3451.0,329,169095,5819278750.0,1434775
2020-03-10 09:06:19.570000000,3450.0,3455.0,3427.0,3450.0,167,3451.0,229,169242,5824350250.0,1434823
2020-03-10 09:06:20.078000000,3450.0,3455.0,3427.0,3450.0,202,3451.0,200,169285,5825833830.0,1434852
2020-03-10 09:06:20.575000000,3450.0,3455.0,3427.0,3450.0,188,3451.0,189,169335,5827558850.0,1434881
2020-03-10 09:06:21.068000000,3451.0,3455.0,3427.0,3450.0,175,3451.0,169,169376,5828973460.0,1434898
2020-03-10 09:06:21.576000000,3450.0,3455.0,3427.0,3449.0,270,3450.0,662,169561,5835355990.0,1434937
2020-03-10 09:06:22.078000000,3450.0,3455.0,3427.0,3449.0,188,3450.0,689,169609,5837011730.0,1434973
2020-03-10 09:06:22.565000000,3450.0,3455.0,3427.0,3448.0,376,3450.0,690,169762,5842289050.0,1435054
2020-03-10 09:06:23.077000000,3448.0,3455.0,3427.0,3447.0,426,3448.0,190,170102,5854012400.0,1435210
2020-03-10 09:06:23.578000000,3449.0,3455.0,3427.0,3447.0,392,3449.0,100,170332,5861943070.0,1435377
2020-03-10 09:06:24.078000000,3449.0,3455.0,3427.0,3448.0,87,3449.0,71,170468,5866633650.0,1435305
2020-03-10 09:06:24.577000000,3449.0,3455.0,3427.0,3448.0,136,3449.0,97,170476,5866909570.0,1435311
2020-03-10 09:06:25.078000000,3449.0,3455.0,3427.0,3448.0,152,3449.0,85,170496,5867599340.0,1435327
2020-03-10 09:06:25.577000000,3449.0,3455.0,3427.0,3448.0,48,3449.0,70,170623,5871978530.0,1435367
2020-03-10 09:06:26.075000000,3448.0,3455.0,3427.0,3448.0,79,3449.0,139,170632,5872288880.0,1435362
2020-03-10 09:06:26.573000000,3448.0,3455.0,3427.0,3447.0,521,3448.0,173,170773,5877150560.0,1435247
2020-03-10 09:06:27.063000000,3448.0,3455.0,3427.0,3447.0,526,3448.0,46,170907,5881770870.0,1435237
2020-03-10 09:06:27.569000000,3448.0,3455.0,3427.0,3448.0,237,3449.0,169,170972,5884012150.0,1435193
2020-03-10 09:06:28.078000000,3449.0,3455.0,3427.0,3448.0,340,3449.0,210,170975,5884115600.0,1435192
2020-03-10 09:06:28.564000000,3448.0,3455.0,3427.0,3448.0,382,3449.0,209,171031,5886046490.0,1435190
2020-03-10 09:06:29.074000000,3448.0,3455.0,3427.0,3448.0,393,3449.0,192,171046,5886563820.0,1435188
2020-03-10 09:06:29.576000000,3448.0,3455.0,3427.0,3448.0,433,3449.0,185,171054,5886839670.0,1435184
2020-03-10 09:06:30.079000000,3448.0,3455.0,3427.0,3448.0,431,3449.0,196,171058,5886977610.0,1435182
2020-03-10 09:06:30.577000000,3448.0,3455.0,3427.0,3448.0,303,3449.0,211,171206,5892080740.0,1435078
2020-03-10 09:06:31.079000000,3449.0,3455.0,3427.0,3448.0,293,3449.0,119,171301,5895357260.0,1435023
2020-03-10 09:06:31.574000000,3449.0,3455.0,3427.0,3448.0,348,3449.0,123,171311,5895702140.0,1435021
2020-03-10 09:06:32.071000000,3449.0,3455.0,3427.0,3448.0,286,3449.0,19,171593,5905427680.0,1434855
2020-03-10 09:06:32.552000000,3449.0,3455.0,3427.0,3449.0,111,3450.0,626,171618,5906289920.0,1434848
2020-03-10 09:06:33.075000000,3449.0,3455.0,3427.0,3449.0,78,3450.0,617,171662,5907807540.0,1434881
2020-03-10 09:06:33.578000000,3448.0,3455.0,3427.0,3448.0,296,3449.0,438,171782,5911946070.0,1434948
2020-03-10 09:06:34.070000000,3449.0,3455.0,3427.0,3448.0,220,3449.0,295,171937,5917291760.0,1435061
2020-03-10 09:06:34.579000000,3449.0,3455.0,3427.0,3448.0,188,3449.0,318,171995,5919292180.0,1435118
2020-03-10 09:06:35.075000000,3449.0,3455.0,3427.0,3448.0,183,3449.0,102,172226,5927259310.0,1435243
2020-03-10 09:06:35.565000000,3449.0,3455.0,3427.0,3449.0,32,3450.0,631,172355,5931708520.0,1435341
2020-03-10 09:06:36.078000000,3449.0,3455.0,3427.0,3449.0,160,3450.0,529,172458,5935261990.0,1435343
2020-03-10 09:06:36.577000000,3449.0,3455.0,3427.0,3449.0,239,3450.0,482,172513,5937158940.0,1435377
2020-03-10 09:06:37.066000000,3449.0,3455.0,3427.0,3449.0,229,3450.0,392,172619,5940815880.0,1435380
2020-03-10 09:06:37.564000000,3450.0,3455.0,3427.0,3449.0,203,3450.0,391,172664,5942367970.0,1435404
2020-03-10 09:06:38.072000000,3449.0,3455.0,3427.0,3449.0,148,3450.0,136,172978,5953200510.0,1435526
2020-03-10 09:06:38.576000000,3449.0,3455.0,3427.0,3449.0,189,3450.0,222,173011,5954338820.0,1435549
2020-03-10 09:06:39.073000000,3450.0,3455.0,3427.0,3449.0,255,3450.0,252,173082,5956788120.0,1435616
2020-03-10 09:06:39.573000000,3449.0,3455.0,3427.0,3449.0,396,3450.0,293,173114,5957891800.0,1435625
2020-03-10 09:06:40.077000000,3449.0,3455.0,3427.0,3448.0,310,3449.0,70,173567,5973515800.0,1435892
2020-03-10 09:06:40.569000000,3449.0,3455.0,3427.0,3449.0,765,3450.0,286,173767,5980414210.0,1435843
2020-03-10 09:06:41.073000000,3449.0,3455.0,3427.0,3449.0,793,3450.0,456,173806,5981759350.0,1435836
2020-03-10 09:06:41.573000000,3449.0,3455.0,3427.0,3449.0,851,3450.0,496,173837,5982828570.0,1435834
2020-03-10 09:06:42.066000000,3449.0,3455.0,3427.0,3449.0,863,3450.0,479,173842,5983001040.0,1435830
2020-03-10 09:06:42.568000000,3449.0,3455.0,3427.0,3449.0,818,3450.0,530,173891,5984691170.0,1435832
2020-03-10 09:06:43.078000000,3449.0,3455.0,3427.0,3449.0,794,3450.0,566,173907,5985243070.0,1435830
2020-03-10 09:06:43.579000000,3449.0,3455.0,3427.0,3449.0,763,3450.0,578,173942,5986450240.0,1435832
2020-03-10 09:06:44.066000000,3449.0,3455.0,3427.0,3449.0,730,3450.0,589,173989,5988071310.0,1435831
2020-03-10 09:06:44.578000000,3450.0,3455.0,3427.0,3449.0,727,3450.0,489,174098,5991831770.0,1435820
2020-03-10 09:06:45.075000000,3449.0,3455.0,3427.0,3449.0,702,3450.0,518,174138,5993211620.0,1435809
2020-03-10 09:06:45.578000000,3449.0,3455.0,3427.0,3449.0,224,3450.0,513,174625,6010008340.0,1435425
2020-03-10 09:06:46.067000000,3449.0,3455.0,3427.0,3448.0,300,3449.0,473,174904,6019630980.0,1435344
2020-03-10 09:06:46.578000000,3448.0,3455.0,3427.0,3447.0,442,3448.0,2,175137,6027664860.0,1435379
2020-03-10 09:06:47.061000000,3449.0,3455.0,3427.0,3447.0,417,3449.0,380,175380,6036044780.0,1435424
2020-03-10 09:06:47.578000000,3448.0,3455.0,3427.0,3448.0,51,3449.0,432,175415,6037251700.0,1435425
2020-03-10 09:06:48.077000000,3448.0,3455.0,3427.0,3448.0,67,3449.0,401,175455,6038631250.0,1435423
2020-03-10 09:06:48.577000000,3449.0,3455.0,3427.0,3448.0,236,3449.0,359,175459,6038769190.0,1435423
2020-03-10 09:06:49.077000000,3449.0,3455.0,3427.0,3449.0,157,3450.0,297,175815,6051047630.0,1435401
2020-03-10 09:06:49.578000000,3449.0,3455.0,3427.0,3449.0,289,3450.0,236,175833,6051668600.0,1435402
2020-03-10 09:06:50.079000000,3449.0,3455.0,3427.0,3448.0,365,3449.0,147,176201,6064360810.0,1435344
2020-03-10 09:06:50.578000000,3449.0,3455.0,3427.0,3448.0,356,3449.0,150,176224,6065153900.0,1435337
2020-03-10 09:06:51.075000000,3448.0,3455.0,3427.0,3448.0,311,3449.0,186,176238,6065636750.0,1435337
2020-03-10 09:06:51.577000000,3448.0,3455.0,3427.0,3448.0,426,3449.0,432,176262,6066464490.0,1435315
2020-03-10 09:06:52.076000000,3449.0,3455.0,3427.0,3448.0,406,3449.0,478,176277,6066981720.0,1435316
2020-03-10 09:06:52.579000000,3449.0,3455.0,3427.0,3448.0,419,3449.0,459,176306,6067981840.0,1435303
2020-03-10 09:06:53.076000000,3449.0,3455.0,3427.0,3448.0,419,3449.0,436,176355,6069671810.0,1435260
2020-03-10 09:06:53.571000000,3448.0,3455.0,3427.0,3448.0,416,3449.0,536,176359,6069809740.0,1435259
2020-03-10 09:06:54.074000000,3448.0,3455.0,3427.0,3448.0,419,3449.0,420,176486,6074189920.0,1435313
2020-03-10 09:06:54.577000000,3448.0,3455.0,3427.0,3448.0,425,3449.0,392,176516,6075224320.0,1435311
2020-03-10 09:06:55.073000000,3448.0,3455.0,3427.0,3448.0,418,3449.0,394,176518,6075293280.0,1435309
2020-03-10 09:06:55.571000000,3448.0,3455.0,3427.0,3448.0,206,3449.0,420,176734,6082740980.0,1435420
2020-03-10 09:06:56.077000000,3448.0,3455.0,3427.0,3448.0,5,3449.0,461,176928,6089430100.0,1435410
2020-03-10 09:06:56.574000000,3448.0,3455.0,3427.0,3447.0,464,3448.0,442,176960,6090533440.0,1435433
2020-03-10 09:06:57.074000000,3448.0,3455.0,3427.0,3447.0,405,3448.0,93,177361,6104359920.0,1435704
2020-03-10 09:06:57.578000000,3449.0,3455.0,3427.0,3448.0,166,3449.0,526,177439,6107049400.0,1435719
2020-03-10 09:06:58.070000000,3449.0,3455.0,3427.0,3448.0,358,3449.0,489,177482,6108532340.0,1435746
2020-03-10 09:06:58.570000000,3448.0,3455.0,3427.0,3448.0,520,3449.0,386,177512,6109566760.0,1435745
2020-03-10 09:06:59.078000000,3449.0,3455.0,3427.0,3448.0,544,3449.0,382,177519,6109808160.0,1435746
2020-03-10 09:06:59.579000000,3448.0,3455.0,3427.0,3448.0,518,3449.0,384,177551,6110911540.0,1435734
2020-03-10 09:07:00.066000000,3448.0,3455.0,3427.0,3448.0,365,3449.0,405,177628,6113566500.0,1435704
2020-03-10 09:07:00.549000000,3449.0,3455.0,3427.0,3448.0,296,3449.0,547,177693,6115807840.0,1435699
2020-03-10 09:07:01.076000000,3449.0,3455.0,3427.0,3448.0,278,3449.0,509,177742,6117497640.0,1435723
2020-03-10 09:07:01.579000000,3448.0,3455.0,3427.0,3448.0,207,3449.0,511,177814,6119980210.0,1435782
2020-03-10 09:07:02.078000000,3448.0,3455.0,3427.0,3447.0,482,3448.0,195,178025,6127255500.0,1435707
2020-03-10 09:07:02.574000000,3448.0,3455.0,3427.0,3447.0,465,3448.0,720,178028,6127358940.0,1435706
2020-03-10 09:07:03.078000000,3448.0,3455.0,3427.0,3447.0,382,3448.0,856,178067,6128703400.0,1435732
2020-03-10 09:07:03.578000000,3447.0,3455.0,3427.0,3446.0,612,3447.0,54,178473,6142698240.0,1435755
2020-03-10 09:07:04.075000000,3447.0,3455.0,3427.0,3446.0,599,3447.0,386,178484,6143077410.0,1435755
2020-03-10 09:07:04.576000000,3447.0,3455.0,3427.0,3446.0,562,3447.0,583,178486,6143146350.0,1435753
2020-03-10 09:07:05.077000000,3446.0,3455.0,3427.0,3446.0,267,3447.0,583,178787,6153518930.0,1435574
2020-03-10 09:07:05.576000000,3446.0,3455.0,3427.0,3445.0,806,3446.0,175,179079,6163581250.0,1435489
2020-03-10 09:07:06.064000000,3445.0,3455.0,3427.0,3445.0,801,3446.0,337,179116,6164855900.0,1435463
2020-03-10 09:07:06.565000000,3446.0,3455.0,3427.0,3445.0,796,3446.0,422,179133,6165441640.0,1435464
2020-03-10 09:07:07.075000000,3446.0,3455.0,3427.0,3445.0,689,3446.0,228,179458,6176639910.0,1435226
2020-03-10 09:07:07.562000000,3446.0,3455.0,3427.0,3445.0,713,3446.0,250,179474,6177191160.0,1435229
2020-03-10 09:07:08.072000000,3447.0,3455.0,3427.0,3445.0,595,3447.0,505,179865,6190663870.0,1435016
2020-03-10 09:07:08.557000000,3445.0,3455.0,3427.0,3445.0,451,3447.0,516,180034,6196485970.0,1434870
2020-03-10 09:07:09.078000000,3445.0,3455.0,3427.0,3444.0,441,3446.0,13,180640,6217363560.0,1434997
2020-03-10 09:07:09.560000000,3445.0,3455.0,3427.0,3445.0,8,3446.0,375,180697,6219327120.0,1435003
2020-03-10 09:07:10.076000000,3444.0,3455.0,3427.0,3444.0,425,3445.0,106,180726,6220326080.0,1435004
2020-03-10 09:07:10.572000000,3445.0,3455.0,3427.0,3445.0,144,3446.0,349,180901,6226355190.0,1434933
2020-03-10 09:07:11.079000000,3446.0,3455.0,3427.0,3446.0,11,3447.0,409,181101,6233247090.0,1434871
2020-03-10 09:07:11.578000000,3446.0,3455.0,3427.0,3446.0,58,3447.0,336,181284,6239553270.0,1434887
2020-03-10 09:07:12.075000000,3446.0,3455.0,3427.0,3446.0,43,3447.0,304,181504,6247134470.0,1434825
2020-03-10 09:07:12.572000000,3445.0,3455.0,3427.0,3445.0,318,3446.0,590,181676,6253061060.0,1434775
2020-03-10 09:07:13.065000000,3446.0,3455.0,3427.0,3445.0,220,3446.0,734,181692,6253612400.0,1434779
2020-03-10 09:07:13.578000000,3445.0,3455.0,3427.0,3445.0,42,3446.0,744,181740,6255266050.0,1434758
2020-03-10 09:07:14.071000000,3445.0,3455.0,3427.0,3444.0,421,3445.0,98,181794,6257126320.0,1434781
2020-03-10 09:07:14.578000000,3445.0,3455.0,3427.0,3444.0,411,3445.0,450,181836,6258573160.0,1434753
2020-03-10 09:07:15.079000000,3445.0,3455.0,3427.0,3444.0,297,3445.0,516,181854,6259193100.0,1434752
2020-03-10 09:07:15.572000000,3445.0,3455.0,3427.0,3444.0,137,3445.0,391,182144,6269181980.0,1434838
2020-03-10 09:07:16.060000000,3445.0,3455.0,3427.0,3444.0,102,3445.0,336,182247,6272729920.0,1434822
2020-03-10 09:07:16.577000000,3444.0,3455.0,3427.0,3444.0,86,3445.0,341,182270,6273522080.0,1434823
2020-03-10 09:07:17.078000000,3445.0,3455.0,3427.0,3444.0,94,3445.0,342,182281,6273900930.0,1434829
2020-03-10 09:07:17.578000000,3444.0,3455.0,3427.0,3444.0,147,3445.0,325,182302,6274624310.0,1434817
2020-03-10 09:07:18.063000000,3445.0,3455.0,3427.0,3444.0,125,3445.0,297,182338,6275864190.0,1434818
2020-03-10 09:07:18.574000000,3444.0,3455.0,3427.0,3444.0,167,3445.0,299,182461,6280100320.0,1434760
2020-03-10 09:07:19.078000000,3444.0,3455.0,3427.0,3444.0,339,3445.0,295,182499,6281409130.0,1434767
2020-03-10 09:07:19.579000000,3444.0,3455.0,3427.0,3444.0,339,3445.0,116,182541,6282855610.0,1434789
2020-03-10 09:07:20.076000000,3445.0,3455.0,3427.0,3445.0,52,3446.0,941,182681,6287678600.0,1434823
2020-03-10 09:07:20.575000000,3444.0,3455.0,3427.0,3444.0,374,3446.0,928,182995,6298495100.0,1434930
2020-03-10 09:07:21.062000000,3444.0,3455.0,3427.0,3443.0,546,3444.0,195,183347,6310618050.0,1435003
2020-03-10 09:07:21.562000000,3444.0,3455.0,3427.0,3443.0,529,3444.0,160,183468,6314784790.0,1434985
2020-03-10 09:07:22.078000000,3444.0,3455.0,3427.0,3443.0,446,3444.0,113,183625,6320190850.0,1434982
2020-03-10 09:07:22.577000000,3443.0,3455.0,3427.0,3443.0,445,3444.0,121,183630,6320363020.0,1434986
2020-03-10 09:07:23.057000000,3443.0,3455.0,3427.0,3443.0,210,3445.0,217,184009,6333413310.0,1434960
2020-03-10 09:07:23.573000000,3444.0,3455.0,3427.0,3444.0,16,3445.0,336,184052,6334893940.0,1434987
2020-03-10 09:07:24.074000000,3444.0,3455.0,3427.0,3443.0,223,3444.0,9,184121,6337269880.0,1434975
2020-03-10 09:07:24.576000000,3444.0,3455.0,3427.0,3444.0,363,3445.0,335,184217,6340576110.0,1435042
2020-03-10 09:07:25.074000000,3444.0,3455.0,3427.0,3444.0,337,3445.0,328,184252,6341781540.0,1435068
2020-03-10 09:07:25.578000000,3444.0,3455.0,3427.0,3444.0,338,3445.0,240,184289,6343056140.0,1435069
2020-03-10 09:07:26.076000000,3444.0,3455.0,3427.0,3443.0,252,3444.0,149,184650,6355488970.0,1435405
2020-03-10 09:07:26.576000000,3443.0,3455.0,3427.0,3443.0,159,3444.0,248,184729,6358208950.0,1435426
2020-03-10 09:07:27.071000000,3444.0,3455.0,3427.0,3443.0,110,3444.0,279,184751,6358966630.0,1435442
2020-03-10 09:07:27.569000000,3443.0,3455.0,3427.0,3443.0,102,3444.0,345,184774,6359758630.0,1435447
2020-03-10 09:07:28.069000000,3443.0,3455.0,3427.0,3442.0,570,3443.0,130,184985,6367024420.0,1435537
2020-03-10 09:07:28.575000000,3443.0,3455.0,3427.0,3442.0,617,3443.0,44,185117,6371569180.0,1435641
2020-03-10 09:07:29.071000000,3443.0,3455.0,3427.0,3443.0,394,3444.0,219,185210,6374771560.0,1435679
2020-03-10 09:07:29.575000000,3444.0,3455.0,3427.0,3444.0,47,3445.0,302,185699,6391609710.0,1435443
2020-03-10 09:07:30.077000000,3444.0,3455.0,3427.0,3444.0,43,3445.0,288,185746,6393228540.0,1435448
2020-03-10 09:07:30.568000000,3444.0,3455.0,3427.0,3444.0,174,3445.0,281,185750,6393366300.0,1435448
2020-03-10 09:07:31.058000000,3444.0,3455.0,3427.0,3443.0,311,3444.0,326,185941,6399944360.0,1435486
2020-03-10 09:07:31.576000000,3444.0,3455.0,3427.0,3443.0,110,3444.0,347,186098,6405349940.0,1435393
2020-03-10 09:07:32.073000000,3443.0,3455.0,3427.0,3443.0,99,3444.0,429,186103,6405522110.0,1435394
2020-03-10 09:07:32.576000000,3444.0,3455.0,3427.0,3443.0,95,3444.0,396,186166,6407691760.0,1435429
2020-03-10 09:07:33.060000000,3443.0,3455.0,3427.0,3443.0,27,3444.0,443,186271,6411307020.0,1435439
2020-03-10 09:07:33.579000000,3443.0,3455.0,3427.0,3443.0,76,3444.0,451,186278,6411548030.0,1435439
2020-03-10 09:07:34.078000000,3443.0,3455.0,3427.0,3442.0,639,3443.0,427,186367,6414612360.0,1435506
2020-03-10 09:07:34.569000000,3443.0,3455.0,3427.0,3442.0,604,3443.0,453,186388,6415335330.0,1435520
2020-03-10 09:07:35.065000000,3443.0,3455.0,3427.0,3442.0,599,3443.0,436,186421,6416471480.0,1435526
2020-03-10 09:07:35.578000000,3443.0,3455.0,3427.0,3442.0,616,3443.0,457,186444,6417263270.0,1435532
2020-03-10 09:07:36.077000000,3442.0,3455.0,3427.0,3442.0,601,3443.0,420,186509,6419501040.0,1435554
2020-03-10 09:07:36.578000000,3442.0,3455.0,3427.0,3442.0,414,3443.0,396,186717,6426660570.0,1435465
2020-03-10 09:07:37.063000000,3443.0,3455.0,3427.0,3442.0,390,3443.0,434,186755,6427968820.0,1435467
2020-03-10 09:07:37.547000000,3442.0,3455.0,3427.0,3442.0,372,3443.0,412,186803,6429621210.0,1435452
2020-03-10 09:07:38.077000000,3442.0,3455.0,3427.0,3442.0,337,3443.0,409,186843,6430998040.0,1435436
2020-03-10 09:07:38.567000000,3442.0,3455.0,3427.0,3442.0,339,3443.0,415,186855,6431411120.0,1435442
2020-03-10 09:07:39.077000000,3443.0,3455.0,3427.0,3442.0,455,3443.0,365,186873,6432030790.0,1435454
2020-03-10 09:07:39.565000000,3443.0,3455.0,3427.0,3443.0,5,3444.0,407,187333,6447867420.0,1435354
2020-03-10 09:07:40.074000000,3443.0,3455.0,3427.0,3443.0,38,3444.0,416,187400,6450174230.0,1435403
2020-03-10 09:07:40.570000000,3443.0,3455.0,3427.0,3443.0,76,3444.0,416,187418,6450793970.0,1435420
2020-03-10 09:07:41.073000000,3443.0,3455.0,3427.0,3443.0,105,3444.0,417,187458,6452171190.0,1435396
2020-03-10 09:07:41.573000000,3443.0,3455.0,3427.0,3443.0,84,3444.0,415,187508,6453892710.0,1435387
2020-03-10 09:07:42.072000000,3443.0,3455.0,3427.0,3443.0,68,3444.0,364,187591,6456750880.0,1435386
2020-03-10 09:07:42.578000000,3443.0,3455.0,3427.0,3443.0,254,3444.0,365,187605,6457232910.0,1435385
2020-03-10 09:07:43.069000000,3443.0,3455.0,3427.0,3443.0,296,3444.0,259,187659,6459092630.0,1435409
2020-03-10 09:07:43.578000000,3444.0,3455.0,3427.0,3443.0,310,3444.0,247,187667,6459368090.0,1435411
2020-03-10 09:07:44.072000000,3443.0,3455.0,3427.0,3443.0,299,3444.0,298,187691,6460194470.0,1435422
2020-03-10 09:07:44.579000000,3444.0,3455.0,3427.0,3443.0,290,3444.0,296,187699,6460469950.0,1435424
2020-03-10 09:07:45.078000000,3444.0,3455.0,3427.0,3443.0,318,3444.0,282,187714,6460986550.0,1435439
2020-03-10 09:07:45.571000000,3444.0,3455.0,3427.0,3443.0,268,3444.0,324,187796,6463810120.0,1435438
2020-03-10 09:07:46.073000000,3443.0,3455.0,3427.0,3443.0,268,3444.0,215,187981,6470181500.0,1435576
2020-03-10 09:07:46.565000000,3443.0,3455.0,3427.0,3443.0,328,3444.0,196,187992,6470560300.0,1435585
2020-03-10 09:07:47.077000000,3444.0,3455.0,3427.0,3443.0,309,3444.0,184,188025,6471696600.0,1435575
2020-03-10 09:07:47.572000000,3444.0,3455.0,3427.0,3443.0,298,3444.0,186,188036,6472075370.0,1435574
2020-03-10 09:07:48.079000000,3443.0,3455.0,3427.0,3443.0,562,3444.0,183,188041,6472247550.0,1435576
2020-03-10 09:07:48.576000000,3443.0,3455.0,3427.0,3444.0,2,3445.0,263,188230,6478756670.0,1435631
2020-03-10 09:07:49.070000000,3444.0,3455.0,3427.0,3444.0,57,3445.0,323,188233,6478859990.0,1435629
2020-03-10 09:07:49.572000000,3444.0,3455.0,3427.0,3444.0,56,3445.0,343,188254,6479583240.0,1435632
2020-03-10 09:07:50.069000000,3444.0,3455.0,3427.0,3443.0,567,3444.0,536,188279,6480444230.0,1435653
2020-03-10 09:07:50.570000000,3443.0,3455.0,3427.0,3443.0,423,3444.0,581,188400,6484610350.0,1435670
2020-03-10 09:07:51.079000000,3443.0,3455.0,3427.0,3442.0,523,3443.0,333,188825,6499243100.0,1435925
2020-03-10 09:07:51.579000000,3443.0,3455.0,3427.0,3442.0,421,3443.0,357,188922,6502582280.0,1435870
2020-03-10 09:07:52.072000000,3443.0,3455.0,3427.0,3442.0,418,3443.0,388,188940,6503202010.0,1435867
2020-03-10 09:07:52.579000000,3443.0,3455.0,3427.0,3442.0,403,3443.0,386,188961,6503924840.0,1435853
2020-03-10 09:07:53.077000000,3442.0,3455.0,3427.0,3442.0,399,3443.0,365,188986,6504785550.0,1435855
2020-03-10 09:07:53.571000000,3443.0,3455.0,3427.0,3442.0,419,3443.0,356,189095,6508537420.0,1435797
2020-03-10 09:07:54.076000000,3443.0,3455.0,3427.0,3442.0,426,3443.0,313,189099,6508675140.0,1435800
2020-03-10 09:07:54.578000000,3442.0,3455.0,3427.0,3442.0,388,3443.0,307,189175,6511291090.0,1435788
2020-03-10 09:07:55.077000000,3443.0,3455.0,3427.0,3442.0,382,3443.0,312,189189,6511773040.0,1435794
2020-03-10 09:07:55.579000000,3442.0,3455.0,3427.0,3442.0,330,3443.0,210,189346,6517178010.0,1435830
2020-03-10 09:07:56.077000000,3442.0,3455.0,3427.0,3442.0,94,3443.0,179,189612,6526333880.0,1435748
2020-03-10 09:07:56.572000000,3442.0,3455.0,3427.0,3441.0,466,3442.0,87,189723,6530154500.0,1435731
2020-03-10 09:07:57.061000000,3442.0,3455.0,3427.0,3441.0,452,3442.0,144,189741,6530774030.0,1435733
2020-03-10 09:07:57.567000000,3442.0,3455.0,3427.0,3441.0,441,3442.0,221,189772,6531841010.0,1435750
2020-03-10 09:07:58.078000000,3442.0,3455.0,3427.0,3441.0,416,3442.0,181,189849,6534491120.0,1435789
2020-03-10 09:07:58.536000000,3441.0,3455.0,3427.0,3441.0,210,3442.0,186,190060,6541751650.0,1435741
2020-03-10 09:07:59.076000000,3441.0,3455.0,3427.0,3441.0,107,3442.0,217,190180,6545881140.0,1435716
2020-03-10 09:07:59.575000000,3441.0,3455.0,3427.0,3441.0,58,3442.0,218,190234,6547739330.0,1435681
2020-03-10 09:08:00.078000000,3441.0,3455.0,3427.0,3441.0,43,3442.0,206,190262,6548702930.0,1435696
2020-03-10 09:08:00.573000000,3441.0,3455.0,3427.0,3440.0,970,3441.0,28,190332,6551111640.0,1435665
2020-03-10 09:08:01.057000000,3441.0,3455.0,3427.0,3440.0,1003,3441.0,97,190378,6552694500.0,1435670
2020-03-10 09:08:01.563000000,3441.0,3455.0,3427.0,3440.0,1028,3441.0,104,190411,6553830010.0,1435644
2020-03-10 09:08:02.058000000,3442.0,3455.0,3427.0,3441.0,31,3442.0,214,190791,6566904100.0,1435493
2020-03-10 09:08:02.577000000,3441.0,3455.0,3427.0,3440.0,850,3442.0,223,190844,6568727900.0,1435501
2020-03-10 09:08:03.073000000,3440.0,3455.0,3427.0,3441.0,2,3442.0,498,190896,6570517150.0,1435491
2020-03-10 09:08:03.566000000,3441.0,3455.0,3427.0,3440.0,684,3441.0,24,191167,6579840290.0,1435492
2020-03-10 09:08:04.073000000,3440.0,3455.0,3427.0,3440.0,648,3441.0,115,191196,6580837950.0,1435499
2020-03-10 09:08:04.579000000,3440.0,3455.0,3427.0,3439.0,352,3440.0,215,191940,6606432470.0,1435846
2020-03-10 09:08:05.054000000,3440.0,3455.0,3427.0,3439.0,198,3440.0,247,192055,6610387670.0,1435875
2020-03-10 09:08:05.570000000,3439.0,3455.0,3427.0,3438.0,600,3439.0,140,192278,6618056550.0,1435986
2020-03-10 09:08:06.077000000,3439.0,3455.0,3427.0,3438.0,566,3439.0,31,192545,6627238860.0,1435911
2020-03-10 09:08:06.577000000,3439.0,3455.0,3427.0,3439.0,213,3440.0,176,192783,6635424650.0,1435794
2020-03-10 09:08:07.070000000,3439.0,3455.0,3427.0,3440.0,92,3441.0,144,193027,6643817450.0,1435791
2020-03-10 09:08:07.577000000,3440.0,3455.0,3427.0,3440.0,279,3441.0,263,193090,6645984640.0,1435769
2020-03-10 09:08:08.077000000,3440.0,3455.0,3427.0,3440.0,103,3441.0,260,193320,6653896640.0,1435745
2020-03-10 09:08:08.577000000,3439.0,3455.0,3427.0,3439.0,254,3440.0,13,193447,6658265370.0,1435837
2020-03-10 09:08:09.067000000,3440.0,3455.0,3427.0,3439.0,324,3440.0,132,193456,6658574960.0,1435838
2020-03-10 09:08:09.572000000,3439.0,3455.0,3427.0,3439.0,320,3440.0,399,193477,6659297340.0,1435840
2020-03-10 09:08:10.079000000,3440.0,3455.0,3427.0,3439.0,220,3440.0,466,193498,6660019660.0,1435847
2020-03-10 09:08:10.579000000,3439.0,3455.0,3427.0,3439.0,183,3440.0,515,193534,6661257810.0,1435865
2020-03-10 09:08:11.077000000,3439.0,3455.0,3427.0,3439.0,138,3440.0,527,193593,6663286890.0,1435909
2020-03-10 09:08:11.577000000,3440.0,3455.0,3427.0,3439.0,135,3440.0,704,193638,6664834810.0,1435911
2020-03-10 09:08:12.069000000,3439.0,3455.0,3427.0,3439.0,240,3440.0,696,193787,6669959040.0,1435874
2020-03-10 09:08:12.564000000,3439.0,3455.0,3427.0,3438.0,798,3439.0,275,194154,6682580290.0,1435904
2020-03-10 09:08:13.076000000,3439.0,3455.0,3427.0,3438.0,710,3439.0,42,194526,6695372590.0,1435804
2020-03-10 09:08:13.571000000,3439.0,3455.0,3427.0,3439.0,28,3440.0,700,194771,6703796990.0,1435872
2020-03-10 09:08:14.075000000,3439.0,3455.0,3427.0,3439.0,355,3440.0,661,194887,6707786610.0,1435892
2020-03-10 09:08:14.578000000,3439.0,3455.0,3427.0,3439.0,363,3440.0,585,194972,6710710460.0,1435901
2020-03-10 09:08:15.071000000,3439.0,3455.0,3427.0,3439.0,376,3440.0,784,194983,6711088760.0,1435908
2020-03-10 09:08:15.573000000,3439.0,3455.0,3427.0,3439.0,264,3440.0,789,195102,6715181260.0,1436017
2020-03-10 09:08:16.077000000,3440.0,3455.0,3427.0,3439.0,142,3440.0,754,195283,6721406330.0,1435990
2020-03-10 09:08:16.580000000,3440.0,3455.0,3427.0,3439.0,204,3440.0,703,195397,6725327360.0,1435932
2020-03-10 09:08:17.069000000,3439.0,3455.0,3427.0,3439.0,141,3440.0,694,195473,6727941050.0,1435933
2020-03-10 09:08:17.578000000,3439.0,3455.0,3427.0,3439.0,143,3440.0,743,195546,6730451590.0,1435970
2020-03-10 09:08:18.076000000,3439.0,3455.0,3427.0,3439.0,144,3440.0,740,195552,6730657950.0,1435970
2020-03-10 09:08:18.576000000,3439.0,3455.0,3427.0,3439.0,279,3440.0,739,195561,6730967480.0,1435973
