datetime,KQ.m@SHFE.rb.last_price,KQ.m@SHFE.rb.highest,KQ.m@SHFE.rb.lowest,KQ.m@SHFE.rb.bid_price1,KQ.m@SHFE.rb.bid_volume1,KQ.m@SHFE.rb.ask_price1,KQ.m@SHFE.rb.ask_volume1,KQ.m@SHFE.rb.volume,KQ.m@SHFE.rb.amount,KQ.m@SHFE.rb.open_interest
2020-03-17 09:00:00.838000000,3550.0,3550.0,3548.0,3549.0,1,3550.0,435,5666,201030600.0,1259663
2020-03-17 09:00:01.034000000,3552.0,3553.0,3548.0,3552.0,59,3553.0,162,7721,273975110.0,1261002
2020-03-17 09:00:01.534000000,3553.0,3555.0,3548.0,3553.0,552,3554.0,23,8610,305564270.0,1261529
2020-03-17 09:00:02.034000000,3555.0,3556.0,3548.0,3554.0,361,3556.0,21,9897,351306310.0,1262305
2020-03-17 09:00:02.534000000,3556.0,3557.0,3548.0,3556.0,165,3557.0,54,10481,372067510.0,1262443
2020-03-17 09:00:03.034000000,3556.0,3558.0,3548.0,3556.0,9,3557.0,91,11519,408974680.0,1262505
2020-03-17 09:00:03.534000000,3556.0,3558.0,3548.0,3554.0,99,3556.0,972,12072,428634910.0,1262549
2020-03-17 09:00:04.032000000,3554.0,3558.0,3548.0,3553.0,653,3554.0,58,12405,440470340.0,1262682
2020-03-17 09:00:04.535000000,3554.0,3558.0,3548.0,3553.0,29,3554.0,2,13194,468505430.0,1262770
2020-03-17 09:00:05.032000000,3553.0,3558.0,3548.0,3553.0,45,3554.0,14,13786,489546230.0,1262634
2020-03-17 09:00:05.532000000,3555.0,3558.0,3548.0,3554.0,90,3555.0,31,14213,504724760.0,1262697
2020-03-17 09:00:06.032000000,3554.0,3558.0,3548.0,3554.0,171,3556.0,46,14525,515816550.0,1262876
2020-03-17 09:00:06.532000000,3554.0,3558.0,3548.0,3554.0,38,3555.0,39,14826,526514330.0,1262948
2020-03-17 09:00:07.033000000,3553.0,3558.0,3548.0,3553.0,349,3554.0,187,15007,532946750.0,1262943
2020-03-17 09:00:07.534000000,3553.0,3558.0,3548.0,3552.0,112,3553.0,40,15519,551138670.0,1262868
2020-03-17 09:00:08.033000000,3552.0,3558.0,3548.0,3551.0,459,3552.0,77,15804,561260740.0,1262856
2020-03-17 09:00:08.530000000,3551.0,3558.0,3548.0,3551.0,421,3552.0,259,16344,580441040.0,1262531
2020-03-17 09:00:09.033000000,3551.0,3558.0,3548.0,3551.0,353,3552.0,161,16526,586905000.0,1262461
2020-03-17 09:00:09.534000000,3550.0,3558.0,3548.0,3550.0,999,3551.0,111,17196,610693970.0,1263027
2020-03-17 09:00:10.035000000,3551.0,3558.0,3548.0,3550.0,655,3551.0,292,17673,627628080.0,1263362
2020-03-17 09:00:10.535000000,3550.0,3558.0,3548.0,3549.0,782,3550.0,70,18394,653224010.0,1263524
2020-03-17 09:00:11.035001000,3549.0,3558.0,3548.0,3549.0,573,3550.0,24,19164,680556540.0,1263320
2020-03-17 09:00:11.534000000,3549.0,3558.0,3548.0,3549.0,313,3550.0,12,19499,692446310.0,1263334
2020-03-17 09:00:12.034000000,3549.0,3558.0,3548.0,3548.0,563,3549.0,327,19866,705470910.0,1263216
2020-03-17 09:00:12.531000000,3546.0,3558.0,3546.0,3546.0,438,3548.0,108,20885,741626410.0,1263547
2020-03-17 09:00:13.033000000,3547.0,3558.0,3546.0,3546.0,407,3547.0,57,21040,747123940.0,1263599
2020-03-17 09:00:13.535000000,3546.0,3558.0,3545.0,3545.0,201,3546.0,608,21496,763293730.0,1263984
2020-03-17 09:00:14.033000000,3545.0,3558.0,3544.0,3544.0,70,3545.0,198,21918,778253330.0,1263783
2020-03-17 09:00:14.532000000,3546.0,3558.0,3543.0,3544.0,59,3546.0,326,22831,810620890.0,1263957
2020-03-17 09:00:15.034000000,3544.0,3558.0,3543.0,3544.0,361,3545.0,201,23342,828738570.0,1263943
2020-03-17 09:00:15.534000000,3547.0,3558.0,3543.0,3546.0,215,3547.0,171,23990,851714400.0,1264130
2020-03-17 09:00:16.034000000,3544.0,3558.0,3543.0,3544.0,200,3545.0,25,24880,883271710.0,1263945
2020-03-17 09:00:16.534000000,3546.0,3558.0,3543.0,3544.0,2,3546.0,530,25860,918007360.0,1264255
2020-03-17 09:00:17.035000000,3544.0,3558.0,3543.0,3543.0,137,3544.0,260,26741,949243830.0,1263996
2020-03-17 09:00:17.532000000,3544.0,3558.0,3543.0,3544.0,69,3545.0,2,27456,974583750.0,1263775
2020-03-17 09:00:18.035000000,3545.0,3558.0,3543.0,3545.0,607,3546.0,32,27576,978838030.0,1263804
2020-03-17 09:00:18.534000000,3546.0,3558.0,3543.0,3546.0,137,3547.0,48,28005,994050070.0,1263572
2020-03-17 09:00:19.035000000,3546.0,3558.0,3543.0,3545.0,372,3546.0,122,28218,1001602830.0,1263424
2020-03-17 09:00:19.532000000,3545.0,3558.0,3543.0,3545.0,172,3546.0,230,28515,1012132160.0,1263461
2020-03-17 09:00:20.034000000,3545.0,3558.0,3543.0,3544.0,404,3545.0,325,28752,1020533700.0,1263407
2020-03-17 09:00:20.535000000,3545.0,3558.0,3543.0,3544.0,332,3545.0,199,28999,1029289470.0,1263178
2020-03-17 09:00:21.033000000,3544.0,3558.0,3543.0,3544.0,317,3545.0,202,29102,1032940360.0,1263123
2020-03-17 09:00:21.533000000,3544.0,3558.0,3543.0,3544.0,185,3545.0,485,29378,1042723030.0,1263232
2020-03-17 09:00:22.033000000,3544.0,3558.0,3543.0,3543.0,301,3545.0,366,29773,1056723770.0,1263369
2020-03-17 09:00:22.530000000,3543.0,3558.0,3543.0,3543.0,105,3544.0,440,30044,1066326590.0,1263399
2020-03-17 09:00:23.034000000,3544.0,3558.0,3542.0,3542.0,1410,3544.0,508,30338,1076742630.0,1263430
2020-03-17 09:00:23.533000000,3543.0,3558.0,3542.0,3542.0,1388,3543.0,243,30512,1082907230.0,1263295
2020-03-17 09:00:24.032000000,3542.0,3558.0,3542.0,3542.0,1374,3543.0,218,30722,1090347100.0,1263150
2020-03-17 09:00:24.526000000,3543.0,3558.0,3542.0,3542.0,1286,3543.0,232,30893,1096404520.0,1263149
2020-03-17 09:00:25.033000000,3542.0,3558.0,3542.0,3542.0,1223,3543.0,160,31045,1101789130.0,1263167
2020-03-17 09:00:25.530000000,3542.0,3558.0,3542.0,3542.0,966,3543.0,189,31343,1112344600.0,1263339
2020-03-17 09:00:26.031000000,3542.0,3558.0,3542.0,3542.0,147,3543.0,348,32259,1144790370.0,1263674
2020-03-17 09:00:26.534000000,3542.0,3558.0,3541.0,3541.0,614,3542.0,1396,32513,1153787030.0,1263713
2020-03-17 09:00:27.032000000,3542.0,3558.0,3540.0,3540.0,1074,3541.0,1,33693,1195573380.0,1264170
2020-03-17 09:00:27.535000000,3540.0,3558.0,3540.0,3540.0,722,3541.0,268,34210,1213876800.0,1264636
2020-03-17 09:00:28.028000000,3540.0,3558.0,3540.0,3540.0,542,3542.0,318,35012,1242275730.0,1264655
2020-03-17 09:00:28.530000000,3540.0,3558.0,3540.0,3540.0,105,3541.0,282,36062,1279454110.0,1264417
2020-03-17 09:00:29.035000000,3540.0,3558.0,3539.0,3539.0,89,3540.0,457,36401,1291455330.0,1264368
2020-03-17 09:00:29.533000000,3540.0,3558.0,3539.0,3539.0,130,3540.0,421,36543,1296481750.0,1264400
2020-03-17 09:00:30.027000000,3540.0,3558.0,3539.0,3539.0,189,3540.0,266,36814,1306074630.0,1264300
2020-03-17 09:00:30.530000000,3539.0,3558.0,3539.0,3539.0,207,3541.0,429,37140,1317615350.0,1264101
2020-03-17 09:00:31.025000000,3539.0,3558.0,3539.0,3538.0,237,3539.0,52,37532,1331488940.0,1263884
2020-03-17 09:00:31.533000000,3539.0,3558.0,3539.0,3540.0,3,3541.0,191,37993,1347808370.0,1263667
2020-03-17 09:00:32.035000000,3541.0,3558.0,3539.0,3541.0,111,3542.0,22,38437,1363531640.0,1263791
2020-03-17 09:00:32.531000000,3541.0,3558.0,3539.0,3541.0,263,3543.0,142,38954,1381843730.0,1263807
2020-03-17 09:00:33.032000000,3541.0,3558.0,3539.0,3541.0,265,3542.0,2,39134,1388219480.0,1263764
2020-03-17 09:00:33.532000000,3542.0,3558.0,3539.0,3541.0,306,3542.0,116,39585,1404197220.0,1263768
2020-03-17 09:00:34.034000000,3543.0,3558.0,3539.0,3543.0,7,3544.0,595,39769,1410714760.0,1263785
2020-03-17 09:00:34.535000000,3542.0,3558.0,3539.0,3544.0,5,3545.0,402,40508,1436903790.0,1264160
2020-03-17 09:00:35.034000000,3542.0,3558.0,3539.0,3542.0,436,3543.0,4,40671,1442679930.0,1264193
2020-03-17 09:00:35.527000000,3543.0,3558.0,3539.0,3543.0,158,3544.0,260,40867,1449625330.0,1264131
2020-03-17 09:00:36.030000000,3544.0,3558.0,3539.0,3544.0,166,3545.0,351,41250,1463199320.0,1264240
2020-03-17 09:00:36.535000000,3545.0,3558.0,3539.0,3545.0,218,3546.0,308,41710,1479506270.0,1264544
2020-03-17 09:00:37.032000000,3547.0,3558.0,3539.0,3546.0,126,3547.0,272,42497,1507408840.0,1264743
2020-03-17 09:00:37.534000000,3547.0,3558.0,3539.0,3546.0,51,3547.0,134,42679,1513863000.0,1264716
2020-03-17 09:00:38.034000000,3547.0,3558.0,3539.0,3547.0,198,3548.0,240,42879,1520956540.0,1264689
2020-03-17 09:00:38.531000000,3547.0,3558.0,3539.0,3547.0,348,3548.0,81,42964,1523972240.0,1264727
2020-03-17 09:00:39.035000000,3548.0,3558.0,3539.0,3548.0,424,3549.0,169,43048,1526952670.0,1264673
2020-03-17 09:00:39.535000000,3549.0,3558.0,3539.0,3549.0,139,3550.0,596,43224,1533198930.0,1264732
2020-03-17 09:00:40.034000000,3550.0,3558.0,3539.0,3549.0,149,3550.0,24,43920,1557905380.0,1264675
2020-03-17 09:00:40.527000000,3550.0,3558.0,3539.0,3550.0,336,3551.0,603,44004,1560887490.0,1264665
2020-03-17 09:00:41.029000000,3551.0,3558.0,3539.0,3551.0,6,3552.0,155,44905,1592879390.0,1264493
2020-03-17 09:00:41.534000000,3551.0,3558.0,3539.0,3550.0,41,3551.0,8,45580,1616845840.0,1264274
2020-03-17 09:00:42.035000000,3551.0,3558.0,3539.0,3550.0,103,3551.0,37,45895,1628031220.0,1264251
2020-03-17 09:00:42.534000000,3551.0,3558.0,3539.0,3551.0,72,3552.0,152,46228,1639856370.0,1264102
2020-03-17 09:00:43.033000000,3552.0,3558.0,3539.0,3552.0,20,3553.0,251,47374,1680551410.0,1264017
2020-03-17 09:00:43.531000000,3551.0,3558.0,3539.0,3550.0,52,3551.0,15,47665,1690880500.0,1263934
2020-03-17 09:00:44.026000000,3547.0,3558.0,3539.0,3546.0,290,3547.0,3,48691,1727282830.0,1263558
2020-03-17 09:00:44.525000000,3547.0,3558.0,3539.0,3545.0,60,3547.0,153,49404,1752570130.0,1263572
2020-03-17 09:00:45.033000000,3545.0,3558.0,3539.0,3544.0,281,3545.0,15,49659,1761610850.0,1263489
2020-03-17 09:00:45.534000000,3545.0,3558.0,3539.0,3544.0,307,3545.0,156,49834,1767814930.0,1263443
2020-03-17 09:00:46.032000000,3545.0,3558.0,3539.0,3545.0,21,3546.0,82,50081,1776571290.0,1263452
2020-03-17 09:00:46.534000000,3546.0,3558.0,3539.0,3545.0,289,3546.0,223,50174,1779868720.0,1263455
2020-03-17 09:00:47.032000000,3545.0,3558.0,3539.0,3545.0,1,3546.0,262,50934,1806807570.0,1263309
2020-03-17 09:00:47.534000000,3545.0,3558.0,3539.0,3544.0,10,3545.0,1031,51166,1815031890.0,1263308
2020-03-17 09:00:48.035000000,3544.0,3558.0,3539.0,3543.0,60,3544.0,246,51687,1833494080.0,1263426
2020-03-17 09:00:48.534000000,3543.0,3558.0,3539.0,3542.0,439,3543.0,447,51831,1838595950.0,1263497
2020-03-17 09:00:49.033000000,3543.0,3558.0,3539.0,3542.0,102,3543.0,330,52314,1855705090.0,1263464
2020-03-17 09:00:49.535000000,3542.0,3558.0,3539.0,3542.0,69,3543.0,329,52366,1857547040.0,1263454
2020-03-17 09:00:50.028000000,3543.0,3558.0,3539.0,3542.0,90,3543.0,303,52412,1859176620.0,1263445
2020-03-17 09:00:50.530000000,3543.0,3558.0,3539.0,3542.0,116,3543.0,290,52428,1859743480.0,1263441
2020-03-17 09:00:51.035000000,3543.0,3558.0,3539.0,3542.0,86,3543.0,139,52612,1866262270.0,1263406
2020-03-17 09:00:51.529000000,3544.0,3558.0,3539.0,3543.0,70,3544.0,334,52824,1873773070.0,1263423
2020-03-17 09:00:52.033000000,3543.0,3558.0,3539.0,3543.0,601,3544.0,292,52839,1874304540.0,1263430
2020-03-17 09:00:52.533000000,3544.0,3558.0,3539.0,3544.0,188,3545.0,787,53016,1880577430.0,1263410
2020-03-17 09:00:53.032000000,3545.0,3558.0,3539.0,3545.0,93,3546.0,213,53890,1911562290.0,1263856
2020-03-17 09:00:53.531000000,3546.0,3558.0,3539.0,3546.0,64,3547.0,277,54077,1918193320.0,1263947
2020-03-17 09:00:54.032000000,3546.0,3558.0,3539.0,3547.0,3,3548.0,96,54278,1925322720.0,1263993
2020-03-17 09:00:54.533000000,3547.0,3558.0,3539.0,3547.0,377,3548.0,92,54368,1928515740.0,1264041
2020-03-17 09:00:55.027000000,3548.0,3558.0,3539.0,3548.0,126,3549.0,54,54508,1933482940.0,1264004
2020-03-17 09:00:55.533000000,3548.0,3558.0,3539.0,3547.0,344,3548.0,7,54738,1941644060.0,1263858
2020-03-17 09:00:56.033000000,3548.0,3558.0,3539.0,3548.0,42,3549.0,140,54829,1944872760.0,1263907
2020-03-17 09:00:56.535000000,3549.0,3558.0,3539.0,3547.0,375,3549.0,139,55589,1971840750.0,1263964
2020-03-17 09:00:57.032000000,3549.0,3558.0,3539.0,3548.0,8,3549.0,274,55921,1983617860.0,1263813
2020-03-17 09:00:57.535000000,3548.0,3558.0,3539.0,3547.0,106,3548.0,255,56032,1987556120.0,1263722
2020-03-17 09:00:58.034000000,3547.0,3558.0,3539.0,3546.0,80,3547.0,51,56242,1995004430.0,1263629
2020-03-17 09:00:58.532000000,3546.0,3558.0,3539.0,3547.0,8,3548.0,112,56442,2002098720.0,1263659
2020-03-17 09:00:59.035000000,3548.0,3558.0,3539.0,3547.0,303,3549.0,316,56521,2004901470.0,1263678
2020-03-17 09:00:59.535000000,3548.0,3558.0,3539.0,3548.0,14,3549.0,294,56558,2006214150.0,1263688
2020-03-17 09:01:00.033000000,3548.0,3558.0,3539.0,3548.0,2,3549.0,294,56688,2010826680.0,1263733
2020-03-17 09:01:00.532000000,3547.0,3558.0,3539.0,3547.0,450,3548.0,282,56870,2017283130.0,1263627
2020-03-17 09:01:01.035000000,3547.0,3558.0,3539.0,3547.0,436,3548.0,70,57115,2025975520.0,1263790
2020-03-17 09:01:01.535000000,3547.0,3558.0,3539.0,3547.0,472,3548.0,104,57232,2030126480.0,1263818
2020-03-17 09:01:02.030000000,3548.0,3558.0,3539.0,3547.0,460,3548.0,108,57296,2032396980.0,1263837
2020-03-17 09:01:02.532000000,3548.0,3558.0,3539.0,3547.0,508,3548.0,106,57317,2033141920.0,1263829
2020-03-17 09:01:03.034000000,3547.0,3558.0,3539.0,3547.0,471,3548.0,175,57399,2036050850.0,1263806
2020-03-17 09:01:03.522000000,3547.0,3558.0,3539.0,3546.0,333,3547.0,52,57903,2053927680.0,1263747
2020-03-17 09:01:04.035000000,3547.0,3558.0,3539.0,3546.0,65,3547.0,122,58223,2065275360.0,1263676
2020-03-17 09:01:04.531000000,3546.0,3558.0,3539.0,3545.0,432,3546.0,4,58731,2083287080.0,1263448
2020-03-17 09:01:05.035000000,3546.0,3558.0,3539.0,3545.0,439,3547.0,141,59088,2095946390.0,1263561
2020-03-17 09:01:05.535000000,3547.0,3558.0,3539.0,3546.0,22,3547.0,128,59102,2096442900.0,1263564
2020-03-17 09:01:06.030000000,3545.0,3558.0,3539.0,3546.0,50,3547.0,25,59474,2109634750.0,1263502
2020-03-17 09:01:06.532000000,3546.0,3558.0,3539.0,3546.0,154,3547.0,84,59574,2113181410.0,1263484
2020-03-17 09:01:07.035000000,3546.0,3558.0,3539.0,3546.0,195,3548.0,250,59677,2116834790.0,1263566
2020-03-17 09:01:07.535000000,3546.0,3558.0,3539.0,3547.0,10,3548.0,312,59701,2117685990.0,1263578
2020-03-17 09:01:08.034000000,3546.0,3558.0,3539.0,3545.0,371,3546.0,39,59953,2126621860.0,1263495
2020-03-17 09:01:08.534000000,3546.0,3558.0,3539.0,3546.0,384,3547.0,86,60083,2131231890.0,1263570
2020-03-17 09:01:09.013000000,3546.0,3558.0,3539.0,3546.0,296,3547.0,55,60198,2135310730.0,1263581
2020-03-17 09:01:09.533000000,3547.0,3558.0,3539.0,3546.0,508,3547.0,159,60232,2136516690.0,1263609
2020-03-17 09:01:10.033000000,3546.0,3558.0,3539.0,3546.0,140,3547.0,169,60730,2154176150.0,1263580
2020-03-17 09:01:10.527000000,3546.0,3558.0,3539.0,3545.0,719,3546.0,97,60894,2159991520.0,1263495
2020-03-17 09:01:11.032000000,3545.0,3558.0,3539.0,3544.0,354,3545.0,97,61679,2187819760.0,1263247
2020-03-17 09:01:11.533000000,3543.0,3558.0,3539.0,3543.0,647,3544.0,33,62051,2201003440.0,1263178
2020-03-17 09:01:12.031000000,3544.0,3558.0,3539.0,3543.0,397,3544.0,203,62437,2214680560.0,1263191
2020-03-17 09:01:12.527000000,3544.0,3558.0,3539.0,3542.0,370,3544.0,261,62917,2231687180.0,1263038
2020-03-17 09:01:13.033000000,3543.0,3558.0,3539.0,3542.0,364,3543.0,75,62983,2234025620.0,1263021
2020-03-17 09:01:13.534000000,3543.0,3558.0,3539.0,3542.0,385,3543.0,112,63006,2234840500.0,1263037
2020-03-17 09:01:14.034000000,3544.0,3558.0,3539.0,3543.0,63,3544.0,291,63102,2238241790.0,1263074
2020-03-17 09:01:14.532000000,3543.0,3558.0,3539.0,3543.0,132,3544.0,232,63137,2239482020.0,1263075
2020-03-17 09:01:15.031000000,3543.0,3558.0,3539.0,3543.0,194,3545.0,418,63405,2248979620.0,1263251
2020-03-17 09:01:15.533000000,3545.0,3558.0,3539.0,3544.0,63,3545.0,535,63446,2250432980.0,1263245
2020-03-17 09:01:16.032000000,3545.0,3558.0,3539.0,3543.0,251,3545.0,512,63553,2254225270.0,1263161
2020-03-17 09:01:16.526000000,3544.0,3558.0,3539.0,3544.0,9,3545.0,512,63657,2257911030.0,1263101
2020-03-17 09:01:17.021000000,3545.0,3558.0,3539.0,3544.0,28,3545.0,446,63741,2260888690.0,1263090
2020-03-17 09:01:17.533000000,3544.0,3558.0,3539.0,3544.0,29,3546.0,669,64256,2279144940.0,1262992
2020-03-17 09:01:18.035000000,3545.0,3558.0,3539.0,3545.0,27,3546.0,650,64298,2280633840.0,1262991
2020-03-17 09:01:18.535000000,3545.0,3558.0,3539.0,3545.0,116,3546.0,621,64326,2281626440.0,1262992
2020-03-17 09:01:19.030000000,3545.0,3558.0,3539.0,3545.0,29,3546.0,586,64481,2287121530.0,1262979
2020-03-17 09:01:19.532000000,3544.0,3558.0,3539.0,3544.0,271,3545.0,99,64565,2290099550.0,1262963
2020-03-17 09:01:20.026000000,3545.0,3558.0,3539.0,3544.0,294,3545.0,115,64599,2291304730.0,1262950
2020-03-17 09:01:20.529000000,3544.0,3558.0,3539.0,3544.0,243,3545.0,226,64628,2292332520.0,1262928
2020-03-17 09:01:21.030000000,3545.0,3558.0,3539.0,3544.0,226,3545.0,230,64659,2293431400.0,1262913
2020-03-17 09:01:21.531000000,3545.0,3558.0,3539.0,3544.0,233,3545.0,138,64745,2296480090.0,1262927
2020-03-17 09:01:22.034000000,3545.0,3558.0,3539.0,3545.0,158,3546.0,365,65012,2305945240.0,1263156
2020-03-17 09:01:22.535000000,3545.0,3558.0,3539.0,3546.0,36,3547.0,349,65414,2320198890.0,1263252
2020-03-17 09:01:23.027000000,3546.0,3558.0,3539.0,3546.0,181,3547.0,282,65427,2320659920.0,1263253
2020-03-17 09:01:23.534000000,3547.0,3558.0,3539.0,3546.0,161,3547.0,206,65484,2322681620.0,1263210
2020-03-17 09:01:24.028000000,3547.0,3558.0,3539.0,3546.0,146,3547.0,202,65533,2324419240.0,1263224
2020-03-17 09:01:24.530000000,3547.0,3558.0,3539.0,3546.0,173,3547.0,188,65551,2325057660.0,1263222
2020-03-17 09:01:25.032000000,3547.0,3558.0,3539.0,3546.0,111,3547.0,10,65917,2338037990.0,1263398
2020-03-17 09:01:25.527000000,3547.0,3558.0,3539.0,3547.0,120,3548.0,467,66096,2344387630.0,1263495
2020-03-17 09:01:26.021000000,3547.0,3558.0,3539.0,3547.0,172,3548.0,412,66196,2347934670.0,1263585
2020-03-17 09:01:26.531000000,3548.0,3558.0,3539.0,3547.0,199,3548.0,431,66255,2350027510.0,1263603
2020-03-17 09:01:27.029000000,3547.0,3558.0,3539.0,3548.0,1,3549.0,315,66774,2368441000.0,1263414
2020-03-17 09:01:27.535000000,3547.0,3558.0,3539.0,3547.0,193,3548.0,41,66907,2373159650.0,1263414
2020-03-17 09:01:28.027000000,3548.0,3558.0,3539.0,3548.0,180,3549.0,348,66956,2374898160.0,1263426
2020-03-17 09:01:28.530000000,3549.0,3558.0,3539.0,3548.0,43,3549.0,51,67535,2395445040.0,1263727
2020-03-17 09:01:29.034000000,3549.0,3558.0,3539.0,3548.0,187,3549.0,58,67709,2401619990.0,1263793
2020-03-17 09:01:29.533000000,3549.0,3558.0,3539.0,3549.0,282,3550.0,557,67786,2404352720.0,1263842
2020-03-17 09:01:30.035000000,3549.0,3558.0,3539.0,3549.0,400,3550.0,512,67871,2407370010.0,1263795
2020-03-17 09:01:30.535000000,3550.0,3558.0,3539.0,3550.0,11,3551.0,363,68479,2428953380.0,1263985
2020-03-17 09:01:31.031000000,3550.0,3558.0,3539.0,3551.0,40,3552.0,524,68824,2441203970.0,1264154
2020-03-17 09:01:31.535000000,3552.0,3558.0,3539.0,3551.0,120,3552.0,455,69021,2448199910.0,1264060
2020-03-17 09:01:32.035000000,3552.0,3558.0,3539.0,3551.0,41,3552.0,440,69154,2452922810.0,1264017
2020-03-17 09:01:32.535000000,3551.0,3558.0,3539.0,3551.0,178,3552.0,445,69244,2456118830.0,1264018
2020-03-17 09:01:33.035000000,3551.0,3558.0,3539.0,3551.0,33,3552.0,204,69703,2472419930.0,1263981
2020-03-17 09:01:33.525000000,3552.0,3558.0,3539.0,3551.0,168,3552.0,154,69815,2476397800.0,1263939
2020-03-17 09:01:34.027000000,3551.0,3558.0,3539.0,3551.0,211,3552.0,60,69905,2479594200.0,1263936
2020-03-17 09:01:34.534000000,3552.0,3558.0,3539.0,3552.0,83,3553.0,333,70021,2483714620.0,1263907
2020-03-17 09:01:35.028000000,3553.0,3558.0,3539.0,3551.0,204,3553.0,271,70339,2495010990.0,1263731
2020-03-17 09:01:35.535000000,3552.0,3558.0,3539.0,3552.0,10,3553.0,240,70579,2503536580.0,1263595
2020-03-17 09:01:36.027000000,3553.0,3558.0,3539.0,3552.0,25,3553.0,77,71032,2519628720.0,1263668
2020-03-17 09:01:36.528000000,3552.0,3558.0,3539.0,3552.0,37,3553.0,107,71262,2527799060.0,1263654
2020-03-17 09:01:37.032000000,3552.0,3558.0,3539.0,3551.0,107,3552.0,5,71526,2537176020.0,1263471
2020-03-17 09:01:37.530000000,3552.0,3558.0,3539.0,3551.0,36,3552.0,135,71696,2543213220.0,1263352
2020-03-17 09:01:38.032000000,3551.0,3558.0,3539.0,3550.0,976,3551.0,113,71832,2548042780.0,1263383
2020-03-17 09:01:38.532000000,3550.0,3558.0,3539.0,3549.0,282,3550.0,59,72988,2589080410.0,1262752
2020-03-17 09:01:39.033000000,3549.0,3558.0,3539.0,3548.0,687,3549.0,35,73326,2601075870.0,1262912
2020-03-17 09:01:39.524000000,3549.0,3558.0,3539.0,3548.0,550,3549.0,666,73501,2607285640.0,1262866
2020-03-17 09:01:40.034000000,3549.0,3558.0,3539.0,3547.0,600,3549.0,657,74088,2628112830.0,1262559
2020-03-17 09:01:40.536000000,3548.0,3558.0,3539.0,3547.0,568,3548.0,51,74135,2629780050.0,1262552
2020-03-17 09:01:41.035000000,3548.0,3558.0,3539.0,3547.0,582,3548.0,112,74152,2630383190.0,1262556
2020-03-17 09:01:41.533000000,3547.0,3558.0,3539.0,3547.0,586,3548.0,50,74292,2635350340.0,1262495
2020-03-17 09:01:42.034000000,3549.0,3558.0,3539.0,3548.0,55,3549.0,302,74404,2639324310.0,1262579
2020-03-17 09:01:42.520000000,3548.0,3558.0,3539.0,3548.0,260,3550.0,449,74726,2650751910.0,1262596
2020-03-17 09:01:43.016000000,3549.0,3558.0,3539.0,3549.0,65,3550.0,349,74733,2651000300.0,1262591
2020-03-17 09:01:43.519000000,3549.0,3558.0,3539.0,3548.0,344,3550.0,315,74864,2655649490.0,1262489
2020-03-17 09:01:44.034000000,3549.0,3558.0,3539.0,3548.0,320,3549.0,9,74878,2656146300.0,1262487
2020-03-17 09:01:44.535000000,3549.0,3558.0,3539.0,3548.0,358,3549.0,17,74957,2658950290.0,1262483
2020-03-17 09:01:45.035000000,3549.0,3558.0,3539.0,3548.0,396,3549.0,5,74979,2659731050.0,1262487
2020-03-17 09:01:45.535000000,3548.0,3558.0,3539.0,3548.0,388,3550.0,280,75021,2661221710.0,1262487
2020-03-17 09:01:46.032000000,3550.0,3558.0,3539.0,3549.0,25,3550.0,61,75254,2669492850.0,1262558
2020-03-17 09:01:46.534000000,3549.0,3558.0,3539.0,3549.0,521,3550.0,84,75334,2672332550.0,1262546
2020-03-17 09:01:47.034000000,3549.0,3558.0,3539.0,3549.0,415,3551.0,603,75589,2681383410.0,1262544
2020-03-17 09:01:47.522000000,3550.0,3558.0,3539.0,3550.0,72,3551.0,600,75815,2689404950.0,1262548
2020-03-17 09:01:48.034000000,3550.0,3558.0,3539.0,3549.0,214,3550.0,53,75918,2693061450.0,1262608
2020-03-17 09:01:48.530000000,3549.0,3558.0,3539.0,3549.0,227,3550.0,136,75936,2693700320.0,1262620
2020-03-17 09:01:49.034000000,3550.0,3558.0,3539.0,3549.0,225,3550.0,201,75975,2695084760.0,1262626
2020-03-17 09:01:49.532000000,3550.0,3558.0,3539.0,3549.0,244,3550.0,202,75991,2695652740.0,1262623
2020-03-17 09:01:50.032000000,3549.0,3558.0,3539.0,3549.0,158,3550.0,171,76138,2700870110.0,1262660
2020-03-17 09:01:50.526000000,3549.0,3558.0,3539.0,3549.0,126,3550.0,119,76245,2704668280.0,1262630
2020-03-17 09:01:51.034000000,3550.0,3558.0,3539.0,3549.0,216,3550.0,110,76264,2705342730.0,1262625
2020-03-17 09:01:51.532000000,3549.0,3558.0,3539.0,3549.0,178,3551.0,607,76451,2711980640.0,1262615
2020-03-17 09:01:52.035000000,3550.0,3558.0,3539.0,3550.0,24,3551.0,589,76457,2712193640.0,1262615
2020-03-17 09:01:52.528000000,3550.0,3558.0,3539.0,3550.0,93,3551.0,594,76463,2712406640.0,1262613
2020-03-17 09:01:53.033000000,3551.0,3558.0,3539.0,3550.0,128,3551.0,588,76478,2712939180.0,1262616
2020-03-17 09:01:53.536000000,3550.0,3558.0,3539.0,3550.0,63,3551.0,556,76590,2716915510.0,1262622
2020-03-17 09:01:54.033000000,3550.0,3558.0,3539.0,3550.0,210,3551.0,551,76606,2717483570.0,1262625
2020-03-17 09:01:54.527000000,3551.0,3558.0,3539.0,3550.0,182,3551.0,537,76651,2719081160.0,1262624
2020-03-17 09:01:55.035000000,3550.0,3558.0,3539.0,3550.0,83,3551.0,443,76857,2726395110.0,1262635
2020-03-17 09:01:55.534000000,3551.0,3558.0,3539.0,3550.0,89,3551.0,426,76948,2729625970.0,1262612
2020-03-17 09:01:56.023000000,3551.0,3558.0,3539.0,3550.0,70,3551.0,334,77074,2734099900.0,1262556
2020-03-17 09:01:56.512000000,3550.0,3558.0,3539.0,3549.0,147,3551.0,330,77374,2744748910.0,1262346
2020-03-17 09:01:57.021000000,3550.0,3558.0,3539.0,3549.0,215,3550.0,24,77422,2746452910.0,1262318
2020-03-17 09:01:57.535000000,3550.0,3558.0,3539.0,3549.0,117,3550.0,26,77696,2756177680.0,1262188
2020-03-17 09:01:58.029000000,3550.0,3558.0,3539.0,3549.0,48,3550.0,141,77959,2765511150.0,1262062
2020-03-17 09:01:58.517000000,3549.0,3558.0,3539.0,3549.0,90,3550.0,123,78152,2772361970.0,1262101
2020-03-17 09:01:59.035000000,3550.0,3558.0,3539.0,3550.0,433,3551.0,381,78262,2776266970.0,1262055
2020-03-17 09:01:59.535000000,3550.0,3558.0,3539.0,3550.0,274,3551.0,362,78492,2784432000.0,1261832
2020-03-17 09:02:00.034000000,3551.0,3558.0,3539.0,3550.0,304,3551.0,373,78504,2784858070.0,1261829
2020-03-17 09:02:00.533000000,3550.0,3558.0,3539.0,3550.0,126,3551.0,1,78989,2802078120.0,1261692
2020-03-17 09:02:01.031000000,3550.0,3558.0,3539.0,3551.0,1,3552.0,487,79101,2806055080.0,1261792
2020-03-17 09:02:01.535000000,3551.0,3558.0,3539.0,3551.0,142,3552.0,491,79631,2824873260.0,1261712
2020-03-17 09:02:02.035000000,3551.0,3558.0,3539.0,3551.0,7,3552.0,484,79982,2837337240.0,1261719
2020-03-17 09:02:02.533000000,3550.0,3558.0,3539.0,3549.0,27,3550.0,30,80269,2847524630.0,1261577
2020-03-17 09:02:03.030000000,3550.0,3558.0,3539.0,3549.0,265,3550.0,9,80596,2859130900.0,1261556
2020-03-17 09:02:03.533000000,3551.0,3558.0,3539.0,3551.0,93,3552.0,476,80708,2863107690.0,1261497
2020-03-17 09:02:04.029000000,3551.0,3558.0,3539.0,3550.0,2,3551.0,101,81047,2875142270.0,1261267
2020-03-17 09:02:04.524000000,3550.0,3558.0,3539.0,3549.0,249,3550.0,182,81090,2876668780.0,1261301
2020-03-17 09:02:05.035000000,3550.0,3558.0,3539.0,3548.0,562,3550.0,203,81339,2885505820.0,1261262
2020-03-17 09:02:05.535000000,3549.0,3558.0,3539.0,3548.0,565,3549.0,24,81373,2886712480.0,1261262
2020-03-17 09:02:06.034000000,3549.0,3558.0,3539.0,3549.0,3,3550.0,645,81688,2897889610.0,1261224
2020-03-17 09:02:06.530000000,3548.0,3558.0,3539.0,3547.0,953,3548.0,363,82138,2913856300.0,1261310
2020-03-17 09:02:07.030000000,3548.0,3558.0,3539.0,3547.0,891,3548.0,222,82315,2920136250.0,1261482
2020-03-17 09:02:07.528000000,3549.0,3558.0,3539.0,3548.0,304,3549.0,91,82522,2927480680.0,1261628
2020-03-17 09:02:08.033000000,3548.0,3558.0,3539.0,3548.0,100,3549.0,2,83288,2954659480.0,1261694
2020-03-17 09:02:08.535000000,3548.0,3558.0,3539.0,3548.0,194,3549.0,196,83526,2963106090.0,1261532
2020-03-17 09:02:09.034000000,3547.0,3558.0,3539.0,3547.0,655,3549.0,405,83966,2978715380.0,1261515
2020-03-17 09:02:09.529000000,3547.0,3558.0,3539.0,3547.0,331,3548.0,610,84270,2989498310.0,1261471
2020-03-17 09:02:10.029000000,3547.0,3558.0,3539.0,3546.0,861,3547.0,90,84634,3002409340.0,1261747
2020-03-17 09:02:10.529000000,3547.0,3558.0,3539.0,3546.0,802,3547.0,258,84652,3003047790.0,1261761
2020-03-17 09:02:11.031000000,3546.0,3558.0,3539.0,3546.0,802,3547.0,282,84835,3009538780.0,1261848
2020-03-17 09:02:11.535000000,3546.0,3558.0,3539.0,3546.0,564,3547.0,232,85117,3019538990.0,1261784
2020-03-17 09:02:12.035000000,3546.0,3558.0,3539.0,3545.0,514,3546.0,171,85881,3046628210.0,1261701
2020-03-17 09:02:12.535000000,3545.0,3558.0,3539.0,3545.0,505,3546.0,211,85912,3047727170.0,1261697
2020-03-17 09:02:13.035000000,3546.0,3558.0,3539.0,3545.0,522,3546.0,229,85927,3048259020.0,1261689
2020-03-17 09:02:13.529000000,3545.0,3558.0,3539.0,3545.0,559,3546.0,216,85945,3048897250.0,1261682
2020-03-17 09:02:14.034000000,3546.0,3558.0,3539.0,3546.0,2,3547.0,259,86396,3064887520.0,1261624
2020-03-17 09:02:14.528000000,3546.0,3558.0,3539.0,3545.0,205,3546.0,4,86630,3073183580.0,1261597
2020-03-17 09:02:15.031000000,3546.0,3558.0,3539.0,3545.0,122,3546.0,99,86697,3075558790.0,1261608
2020-03-17 09:02:15.534000000,3546.0,3558.0,3539.0,3545.0,91,3546.0,145,86715,3076196980.0,1261601
2020-03-17 09:02:16.027000000,3545.0,3558.0,3539.0,3545.0,139,3546.0,157,86718,3076303340.0,1261601
2020-03-17 09:02:16.531000000,3545.0,3558.0,3539.0,3545.0,169,3546.0,112,86817,3079813230.0,1261565
2020-03-17 09:02:17.030000000,3545.0,3558.0,3539.0,3544.0,444,3545.0,121,87009,3086619700.0,1261525
2020-03-17 09:02:17.534000000,3546.0,3558.0,3539.0,3545.0,62,3546.0,69,87378,3099700190.0,1261528
2020-03-17 09:02:18.018000000,3545.0,3558.0,3539.0,3545.0,57,3546.0,207,87558,3106081400.0,1261520
2020-03-17 09:02:18.532000000,3545.0,3558.0,3539.0,3545.0,37,3546.0,241,87578,3106790540.0,1261515
2020-03-17 09:02:19.029000000,3545.0,3558.0,3539.0,3545.0,90,3546.0,252,87589,3107180510.0,1261512
2020-03-17 09:02:19.526000000,3546.0,3558.0,3539.0,3546.0,239,3547.0,333,87856,3116648300.0,1261580
2020-03-17 09:02:20.036000000,3546.0,3558.0,3539.0,3546.0,89,3547.0,320,88025,3122641040.0,1261633
2020-03-17 09:02:20.528000000,3546.0,3558.0,3539.0,3546.0,69,3547.0,330,88034,3122960180.0,1261638
2020-03-17 09:02:21.033000000,3546.0,3558.0,3539.0,3546.0,232,3547.0,313,88077,3124485130.0,1261662
2020-03-17 09:02:21.535000000,3547.0,3558.0,3539.0,3547.0,65,3548.0,769,88394,3135729140.0,1261720
2020-03-17 09:02:22.029000000,3547.0,3558.0,3539.0,3547.0,371,3548.0,752,88407,3136190320.0,1261725
2020-03-17 09:02:22.533000000,3547.0,3558.0,3539.0,3547.0,420,3548.0,660,88418,3136580500.0,1261726
2020-03-17 09:02:23.035000000,3547.0,3558.0,3539.0,3547.0,416,3548.0,133,88965,3155988010.0,1262271
2020-03-17 09:02:23.526000000,3548.0,3558.0,3539.0,3548.0,491,3549.0,298,89118,3161416450.0,1262336
2020-03-17 09:02:24.035000000,3548.0,3558.0,3539.0,3549.0,1,3550.0,386,89330,3168940320.0,1262394
2020-03-17 09:02:24.533000000,3549.0,3558.0,3539.0,3549.0,66,3550.0,369,89449,3173163630.0,1262354
2020-03-17 09:02:25.022000000,3549.0,3558.0,3539.0,3549.0,110,3550.0,379,89463,3173660500.0,1262368
2020-03-17 09:02:25.535000000,3549.0,3558.0,3539.0,3549.0,110,3550.0,380,89476,3174121870.0,1262378
2020-03-17 09:02:26.032000000,3550.0,3558.0,3539.0,3549.0,108,3550.0,386,89480,3174263850.0,1262380
2020-03-17 09:02:26.526000000,3549.0,3558.0,3539.0,3548.0,292,3549.0,188,89604,3178664590.0,1262379
2020-03-17 09:02:27.014000000,3549.0,3558.0,3539.0,3548.0,281,3549.0,235,89605,3178700080.0,1262379
2020-03-17 09:02:27.533000000,3549.0,3558.0,3539.0,3548.0,281,3549.0,220,89631,3179622780.0,1262360
2020-03-17 09:02:28.011000000,3548.0,3558.0,3539.0,3548.0,306,3549.0,238,89645,3180119530.0,1262364
2020-03-17 09:02:28.533000000,3549.0,3558.0,3539.0,3548.0,297,3549.0,275,89697,3181964920.0,1262358
2020-03-17 09:02:29.030000000,3549.0,3558.0,3539.0,3549.0,223,3550.0,422,90000,3192718150.0,1262441
2020-03-17 09:02:29.535000000,3549.0,3558.0,3539.0,3549.0,250,3550.0,400,90017,3193321500.0,1262446
2020-03-17 09:02:30.033000000,3549.0,3558.0,3539.0,3549.0,274,3550.0,400,90025,3193605420.0,1262452
2020-03-17 09:02:30.527000000,3549.0,3558.0,3539.0,3549.0,260,3550.0,421,90040,3194137770.0,1262453
2020-03-17 09:02:31.026000000,3549.0,3558.0,3539.0,3549.0,242,3550.0,434,90047,3194386200.0,1262455
2020-03-17 09:02:31.533000000,3549.0,3558.0,3539.0,3549.0,198,3550.0,455,90077,3195450900.0,1262459
2020-03-17 09:02:32.022000000,3549.0,3558.0,3539.0,3549.0,186,3550.0,442,90098,3196196310.0,1262464
2020-03-17 09:02:32.534000000,3550.0,3558.0,3539.0,3549.0,5,3550.0,440,90292,3203081400.0,1262455
2020-03-17 09:02:33.033000000,3550.0,3558.0,3539.0,3549.0,20,3550.0,535,90334,3204572050.0,1262462
2020-03-17 09:02:33.536000000,3549.0,3558.0,3539.0,3548.0,386,3549.0,13,90412,3207340270.0,1262417
2020-03-17 09:02:34.035000000,3549.0,3558.0,3539.0,3548.0,426,3549.0,90,90432,3208050050.0,1262417
2020-03-17 09:02:35.330000000,3548.0,3558.0,3539.0,3548.0,390,3549.0,153,90476,3209611240.0,1262408
2020-03-17 09:02:35.526000000,3549.0,3558.0,3539.0,3548.0,355,3549.0,151,90490,3210108060.0,1262403
2020-03-17 09:02:35.528000000,3549.0,3558.0,3539.0,3548.0,355,3549.0,350,90493,3210214530.0,1262402
2020-03-17 09:02:36.031000000,3549.0,3558.0,3539.0,3547.0,285,3549.0,396,90837,3222419660.0,1262296
2020-03-17 09:02:36.528000000,3548.0,3558.0,3539.0,3547.0,178,3548.0,96,90842,3222597060.0,1262297
2020-03-17 09:02:37.023000000,3548.0,3558.0,3539.0,3547.0,109,3548.0,150,90901,3224689830.0,1262313
2020-03-17 09:02:37.527000000,3548.0,3558.0,3539.0,3547.0,79,3548.0,122,91027,3229160300.0,1262264
2020-03-17 09:02:38.036000000,3548.0,3558.0,3539.0,3547.0,66,3548.0,96,91163,3233985450.0,1262303
2020-03-17 09:02:38.531000000,3548.0,3558.0,3539.0,3547.0,127,3548.0,181,91185,3234765900.0,1262304
2020-03-17 09:02:39.031000000,3547.0,3558.0,3539.0,3547.0,117,3548.0,192,91210,3235652810.0,1262304
2020-03-17 09:02:39.534000000,3547.0,3558.0,3539.0,3547.0,105,3548.0,227,91227,3236255840.0,1262306
2020-03-17 09:02:40.036000000,3548.0,3558.0,3539.0,3547.0,94,3548.0,227,91234,3236504180.0,1262307
2020-03-17 09:02:40.505000000,3547.0,3558.0,3539.0,3547.0,111,3548.0,72,91454,3244309690.0,1262440
2020-03-17 09:02:41.010000000,3547.0,3558.0,3539.0,3547.0,130,3548.0,88,91501,3245976780.0,1262401
2020-03-17 09:02:41.536000000,3547.0,3558.0,3539.0,3547.0,135,3548.0,114,91580,3248778920.0,1262353
2020-03-17 09:02:42.029000000,3547.0,3558.0,3539.0,3547.0,118,3548.0,141,91595,3249310970.0,1262339
2020-03-17 09:02:42.523000000,3548.0,3558.0,3539.0,3547.0,115,3548.0,166,91598,3249417400.0,1262339
2020-03-17 09:02:43.031000000,3548.0,3558.0,3539.0,3547.0,82,3548.0,162,91639,3250871720.0,1262350
2020-03-17 09:02:43.531000000,3548.0,3558.0,3539.0,3547.0,58,3548.0,71,91807,3256831790.0,1262498
2020-03-17 09:02:44.028000000,3547.0,3558.0,3539.0,3547.0,249,3548.0,114,91821,3257328370.0,1262512
2020-03-17 09:02:44.535000000,3548.0,3558.0,3539.0,3547.0,271,3548.0,89,91849,3258321730.0,1262515
2020-03-17 09:02:45.036000000,3548.0,3558.0,3539.0,3547.0,272,3548.0,56,91886,3259634480.0,1262516
2020-03-17 09:02:45.533000000,3547.0,3558.0,3539.0,3547.0,279,3548.0,3,91908,3260415020.0,1262537
2020-03-17 09:02:46.023000000,3548.0,3558.0,3539.0,3548.0,37,3549.0,530,91933,3261302000.0,1262546
2020-03-17 09:02:46.512000000,3548.0,3558.0,3539.0,3548.0,70,3549.0,536,91969,3262579380.0,1262546
2020-03-17 09:02:47.034000000,3548.0,3558.0,3539.0,3548.0,109,3549.0,535,91975,3262792260.0,1262543
2020-03-17 09:02:47.512000000,3548.0,3558.0,3539.0,3548.0,135,3549.0,535,91979,3262934180.0,1262542
2020-03-17 09:02:48.026000000,3548.0,3558.0,3539.0,3548.0,121,3549.0,528,91990,3263324460.0,1262542
2020-03-17 09:02:48.518000000,3548.0,3558.0,3539.0,3548.0,63,3549.0,530,92052,3265524220.0,1262525
2020-03-17 09:02:49.035000000,3548.0,3558.0,3539.0,3547.0,293,3548.0,374,92101,3267262740.0,1262496
2020-03-17 09:02:49.535000000,3548.0,3558.0,3539.0,3547.0,207,3548.0,440,92108,3267511090.0,1262496
2020-03-17 09:02:50.027000000,3548.0,3558.0,3539.0,3547.0,89,3548.0,372,92205,3270952640.0,1262502
2020-03-17 09:02:50.523000000,3547.0,3558.0,3539.0,3547.0,96,3548.0,350,92235,3272017010.0,1262501
2020-03-17 09:02:51.026000000,3547.0,3558.0,3539.0,3547.0,158,3548.0,103,92253,3272655590.0,1262513
2020-03-17 09:02:51.530000000,3548.0,3558.0,3539.0,3547.0,66,3548.0,67,92400,3277870000.0,1262551
2020-03-17 09:02:52.024000000,3548.0,3558.0,3539.0,3547.0,209,3548.0,11,92524,3282269460.0,1262616
2020-03-17 09:02:52.536000000,3547.0,3558.0,3539.0,3547.0,293,3548.0,2,92556,3283404700.0,1262633
2020-03-17 09:02:53.031000000,3549.0,3558.0,3539.0,3548.0,24,3549.0,631,92559,3283511150.0,1262633
2020-03-17 09:02:53.521000000,3548.0,3558.0,3539.0,3547.0,235,3548.0,118,92597,3284859390.0,1262623
2020-03-17 09:02:54.027000000,3547.0,3558.0,3539.0,3547.0,177,3548.0,99,92723,3289329040.0,1262614
2020-03-17 09:02:54.515000000,3548.0,3558.0,3539.0,3547.0,137,3548.0,121,92744,3290073940.0,1262609
2020-03-17 09:02:55.036000000,3548.0,3558.0,3539.0,3547.0,106,3548.0,141,92746,3290144890.0,1262609
2020-03-17 09:02:55.530000000,3547.0,3558.0,3539.0,3547.0,105,3548.0,159,92751,3290322270.0,1262609
2020-03-17 09:02:56.032000000,3548.0,3558.0,3539.0,3546.0,336,3547.0,32,92863,3294294970.0,1262539
2020-03-17 09:02:56.500000000,3547.0,3558.0,3539.0,3546.0,380,3547.0,107,92877,3294791680.0,1262543
2020-03-17 09:02:57.035000000,3547.0,3558.0,3539.0,3546.0,357,3547.0,108,92883,3295004500.0,1262548
2020-03-17 09:02:57.532000000,3547.0,3558.0,3539.0,3546.0,358,3547.0,60,92931,3296707040.0,1262529
2020-03-17 09:02:58.032000000,3547.0,3558.0,3539.0,3546.0,370,3547.0,91,92953,3297487310.0,1262544
2020-03-17 09:02:58.534000000,3547.0,3558.0,3539.0,3546.0,380,3547.0,145,92958,3297664660.0,1262546
2020-03-17 09:02:59.034000000,3547.0,3558.0,3539.0,3546.0,366,3547.0,150,92975,3298267640.0,1262553
2020-03-17 09:02:59.529000000,3546.0,3558.0,3539.0,3546.0,366,3547.0,129,92999,3299118900.0,1262574
2020-03-17 09:03:00.034000000,3547.0,3558.0,3539.0,3546.0,359,3547.0,118,93012,3299579960.0,1262575
2020-03-17 09:03:00.534000000,3546.0,3558.0,3539.0,3546.0,341,3547.0,89,93069,3301601530.0,1262610
2020-03-17 09:03:01.035000000,3547.0,3558.0,3539.0,3545.0,454,3547.0,285,93511,3317275870.0,1262525
2020-03-17 09:03:01.532000000,3545.0,3558.0,3539.0,3545.0,491,3546.0,36,93523,3317701370.0,1262535
2020-03-17 09:03:02.031000000,3546.0,3558.0,3539.0,3545.0,546,3546.0,41,93548,3318587860.0,1262514
2020-03-17 09:03:02.534000000,3545.0,3558.0,3539.0,3545.0,5,3546.0,35,94140,3339574670.0,1262437
2020-03-17 09:03:03.035000000,3545.0,3558.0,3539.0,3545.0,45,3546.0,405,94170,3340638210.0,1262440
2020-03-17 09:03:03.535000000,3545.0,3558.0,3539.0,3544.0,1060,3545.0,55,94231,3342800760.0,1262422
2020-03-17 09:03:04.036000000,3545.0,3558.0,3539.0,3544.0,1064,3545.0,37,94307,3345494970.0,1262427
2020-03-17 09:03:04.535000000,3546.0,3558.0,3539.0,3545.0,3,3546.0,291,94378,3348012170.0,1262462
2020-03-17 09:03:05.028000000,3545.0,3558.0,3539.0,3545.0,57,3546.0,247,94519,3353011690.0,1262410
2020-03-17 09:03:05.527000000,3545.0,3558.0,3539.0,3544.0,1070,3545.0,112,94724,3360278870.0,1262267
2020-03-17 09:03:06.034000000,3545.0,3558.0,3539.0,3544.0,838,3545.0,102,94990,3369706050.0,1262247
2020-03-17 09:03:06.536000000,3544.0,3558.0,3539.0,3544.0,360,3545.0,161,95467,3386611160.0,1262400
2020-03-17 09:03:07.036000000,3544.0,3558.0,3539.0,3544.0,300,3545.0,261,95582,3390687060.0,1262368
2020-03-17 09:03:07.535000000,3543.0,3558.0,3539.0,3543.0,637,3544.0,19,95882,3401319050.0,1262117
2020-03-17 09:03:08.036000000,3544.0,3558.0,3539.0,3543.0,358,3544.0,36,96227,3413542720.0,1262011
2020-03-17 09:03:08.523000000,3543.0,3558.0,3539.0,3542.0,980,3543.0,1,96574,3425836910.0,1261993
2020-03-17 09:03:09.035000000,3544.0,3558.0,3539.0,3542.0,1006,3544.0,289,96650,3428529580.0,1261983
2020-03-17 09:03:09.536000000,3543.0,3558.0,3539.0,3543.0,3,3544.0,43,97239,3449398110.0,1261985
2020-03-17 09:03:10.027000000,3543.0,3558.0,3539.0,3543.0,178,3544.0,67,97610,3462543190.0,1261859
2020-03-17 09:03:10.524000000,3543.0,3558.0,3539.0,3543.0,187,3544.0,13,98158,3481963370.0,1261850
2020-03-17 09:03:11.036000000,3544.0,3558.0,3539.0,3544.0,15,3545.0,96,98504,3494223150.0,1261773
2020-03-17 09:03:11.532000000,3543.0,3558.0,3539.0,3542.0,840,3543.0,13,98614,3498120800.0,1261773
2020-03-17 09:03:12.036000000,3544.0,3558.0,3539.0,3543.0,1,3544.0,30,99199,3518842930.0,1261660
2020-03-17 09:03:12.525000000,3543.0,3558.0,3539.0,3542.0,411,3543.0,56,99229,3519905830.0,1261670
2020-03-17 09:03:13.034000000,3542.0,3558.0,3539.0,3541.0,891,3542.0,63,99533,3530673590.0,1261561
2020-03-17 09:03:13.535000000,3542.0,3558.0,3539.0,3541.0,905,3543.0,383,99683,3535986610.0,1261595
2020-03-17 09:03:14.035000000,3541.0,3558.0,3539.0,3541.0,363,3542.0,6,100262,3556489150.0,1261352
2020-03-17 09:03:14.532000000,3541.0,3558.0,3539.0,3540.0,1744,3541.0,1,100811,3575930000.0,1261490
2020-03-17 09:03:15.028000000,3541.0,3558.0,3539.0,3540.0,1410,3541.0,70,101552,3602165670.0,1261615
2020-03-17 09:03:15.533000000,3541.0,3558.0,3539.0,3540.0,1329,3541.0,139,101673,3606449430.0,1261597
2020-03-17 09:03:16.036000000,3540.0,3558.0,3539.0,3540.0,1228,3541.0,74,101814,3611441490.0,1261610
2020-03-17 09:03:16.535000000,3541.0,3558.0,3539.0,3541.0,116,3542.0,316,102085,3621037150.0,1261716
2020-03-17 09:03:17.032000000,3541.0,3558.0,3539.0,3541.0,23,3542.0,331,102234,3626313390.0,1261651
2020-03-17 09:03:17.534000000,3540.0,3558.0,3539.0,3540.0,964,3541.0,199,102385,3631660250.0,1261631
2020-03-17 09:03:18.033000000,3541.0,3558.0,3539.0,3540.0,955,3541.0,215,102425,3633076580.0,1261604
2020-03-17 09:03:18.529000000,3540.0,3558.0,3539.0,3540.0,779,3541.0,243,102753,3644687940.0,1261486
2020-03-17 09:03:19.036000000,3540.0,3558.0,3539.0,3540.0,706,3541.0,227,102841,3647803470.0,1261490
2020-03-17 09:03:19.525000000,3541.0,3558.0,3539.0,3541.0,2,3542.0,362,103326,3664974850.0,1261750
2020-03-17 09:03:20.032000000,3540.0,3558.0,3539.0,3540.0,270,3542.0,18,104012,3689267110.0,1261930
2020-03-17 09:03:20.534000000,3541.0,3558.0,3539.0,3541.0,74,3542.0,143,104154,3694294340.0,1261892
2020-03-17 09:03:21.028000000,3541.0,3558.0,3539.0,3540.0,197,3541.0,45,104294,3699251680.0,1261777
2020-03-17 09:03:21.535000000,3541.0,3558.0,3539.0,3540.0,296,3541.0,81,104311,3699853530.0,1261785
2020-03-17 09:03:22.028000000,3541.0,3558.0,3539.0,3541.0,130,3542.0,214,104426,3703925560.0,1261785
2020-03-17 09:03:22.536000000,3541.0,3558.0,3539.0,3541.0,237,3542.0,210,104544,3708103990.0,1261781
2020-03-17 09:03:23.035000000,3541.0,3558.0,3539.0,3541.0,248,3542.0,117,104634,3711290900.0,1261723
2020-03-17 09:03:23.536000000,3542.0,3558.0,3539.0,3541.0,280,3542.0,17,104848,3718869790.0,1261796
2020-03-17 09:03:24.033000000,3542.0,3558.0,3539.0,3542.0,4,3543.0,560,104911,3721101250.0,1261804
2020-03-17 09:03:24.521000000,3541.0,3558.0,3539.0,3541.0,309,3542.0,227,104942,3722199190.0,1261791
2020-03-17 09:03:25.028000000,3542.0,3558.0,3539.0,3541.0,286,3542.0,197,105030,3725315920.0,1261759
2020-03-17 09:03:25.535000000,3541.0,3558.0,3539.0,3541.0,284,3542.0,264,105036,3725528420.0,1261755
2020-03-17 09:03:26.032000000,3542.0,3558.0,3539.0,3541.0,277,3542.0,247,105087,3727334780.0,1261715
2020-03-17 09:03:26.529000000,3541.0,3558.0,3539.0,3541.0,223,3542.0,217,105208,3731619780.0,1261634
2020-03-17 09:03:27.035000000,3542.0,3558.0,3539.0,3541.0,286,3542.0,150,105241,3732788510.0,1261622
2020-03-17 09:03:27.526000000,3542.0,3558.0,3539.0,3541.0,279,3542.0,114,105335,3736117310.0,1261576
2020-03-17 09:03:28.030000000,3541.0,3558.0,3539.0,3541.0,195,3542.0,122,105467,3740791610.0,1261489
2020-03-17 09:03:28.533000000,3541.0,3558.0,3539.0,3541.0,43,3542.0,199,105637,3746811490.0,1261427
2020-03-17 09:03:29.032000000,3541.0,3558.0,3539.0,3541.0,21,3542.0,5,105987,3759208040.0,1261636
2020-03-17 09:03:29.521000000,3542.0,3558.0,3539.0,3541.0,163,3542.0,6,106134,3764413760.0,1261584
2020-03-17 09:03:30.032000000,3541.0,3558.0,3539.0,3541.0,140,3542.0,211,106260,3768876040.0,1261590
2020-03-17 09:03:30.534000000,3541.0,3558.0,3539.0,3540.0,523,3541.0,33,106371,3772806870.0,1261617
2020-03-17 09:03:31.034000000,3540.0,3558.0,3539.0,3540.0,545,3541.0,72,106454,3775745840.0,1261621
2020-03-17 09:03:31.536000000,3540.0,3558.0,3539.0,3540.0,513,3541.0,240,106491,3777055820.0,1261629
2020-03-17 09:03:32.035000000,3541.0,3558.0,3539.0,3539.0,606,3540.0,2,107020,3795782640.0,1261847
2020-03-17 09:03:32.525000000,3540.0,3558.0,3539.0,3539.0,349,3540.0,38,107372,3808240610.0,1262035
2020-03-17 09:03:33.024000000,3541.0,3558.0,3539.0,3541.0,11,3542.0,357,107975,3829589940.0,1261826
2020-03-17 09:03:33.536000000,3541.0,3558.0,3539.0,3540.0,53,3541.0,122,108082,3833377700.0,1261831
2020-03-17 09:03:34.036000000,3541.0,3558.0,3539.0,3540.0,145,3541.0,133,108097,3833908710.0,1261828
2020-03-17 09:03:34.522000000,3542.0,3558.0,3539.0,3541.0,48,3542.0,416,108318,3841733710.0,1261720
2020-03-17 09:03:35.026000000,3540.0,3558.0,3539.0,3540.0,94,3542.0,418,108445,3846230350.0,1261665
2020-03-17 09:03:35.525000000,3541.0,3558.0,3539.0,3540.0,19,3541.0,77,108582,3851080550.0,1261721
2020-03-17 09:03:36.017000000,3540.0,3558.0,3539.0,3540.0,37,3541.0,346,108606,3851930250.0,1261723
2020-03-17 09:03:36.520000000,3541.0,3558.0,3539.0,3539.0,344,3540.0,1,108663,3853948230.0,1261761
2020-03-17 09:03:37.035000000,3539.0,3558.0,3539.0,3539.0,380,3540.0,53,108672,3854266800.0,1261764
2020-03-17 09:03:37.524000000,3539.0,3558.0,3539.0,3539.0,349,3540.0,64,108761,3857417070.0,1261809
2020-03-17 09:03:38.030000000,3540.0,3558.0,3539.0,3539.0,344,3540.0,42,108793,3858549820.0,1261819
2020-03-17 09:03:38.533000000,3539.0,3558.0,3539.0,3539.0,322,3540.0,49,108838,3860142530.0,1261850
2020-03-17 09:03:39.036000000,3539.0,3558.0,3539.0,3539.0,298,3540.0,161,108880,3861629040.0,1261865
2020-03-17 09:03:39.536000000,3540.0,3558.0,3539.0,3538.0,939,3539.0,4,109178,3872175380.0,1261921
2020-03-17 09:03:40.032000000,3538.0,3558.0,3538.0,3538.0,906,3539.0,90,109271,3875466020.0,1261889
2020-03-17 09:03:40.536000000,3539.0,3558.0,3538.0,3539.0,13,3540.0,126,109617,3887711740.0,1261788
2020-03-17 09:03:41.034000000,3538.0,3558.0,3538.0,3538.0,813,3539.0,12,109697,3890542500.0,1261823
2020-03-17 09:03:41.521000000,3538.0,3558.0,3538.0,3538.0,697,3539.0,19,109859,3896274390.0,1261891
2020-03-17 09:03:42.035000000,3539.0,3558.0,3538.0,3538.0,656,3539.0,196,109942,3899211360.0,1261883
2020-03-17 09:03:42.524000000,3538.0,3558.0,3538.0,3538.0,437,3539.0,237,110180,3907632070.0,1262067
2020-03-17 09:03:43.019000000,3539.0,3558.0,3538.0,3538.0,310,3539.0,273,110308,3912160780.0,1262190
2020-03-17 09:03:43.525000000,3538.0,3558.0,3537.0,3537.0,1187,3538.0,170,111157,3942198770.0,1261678
2020-03-17 09:03:44.030000000,3538.0,3558.0,3537.0,3537.0,913,3538.0,18,111667,3960239350.0,1261620
2020-03-17 09:03:44.532000000,3537.0,3558.0,3537.0,3537.0,388,3538.0,61,112303,3982735850.0,1261616
2020-03-17 09:03:45.036000000,3537.0,3558.0,3536.0,3536.0,460,3537.0,202,112975,4006501870.0,1261407
2020-03-17 09:03:45.534000000,3536.0,3558.0,3535.0,3535.0,755,3536.0,195,113666,4030933820.0,1261421
2020-03-17 09:03:46.035000000,3536.0,3558.0,3534.0,3536.0,62,3537.0,266,115241,4086612270.0,1260928
2020-03-17 09:03:46.529000000,3536.0,3558.0,3534.0,3534.0,234,3536.0,417,116054,4115358970.0,1260815
2020-03-17 09:03:47.020000000,3535.0,3558.0,3534.0,3534.0,295,3535.0,5,116598,4134590950.0,1260782
2020-03-17 09:03:47.534000000,3535.0,3558.0,3534.0,3535.0,467,3536.0,146,116835,4142969290.0,1260701
2020-03-17 09:03:48.035000000,3536.0,3558.0,3534.0,3536.0,86,3537.0,468,117269,4158315760.0,1260735
2020-03-17 09:03:48.536000000,3536.0,3558.0,3534.0,3536.0,205,3537.0,272,117583,4169419210.0,1260618
2020-03-17 09:03:49.034000000,3537.0,3558.0,3534.0,3536.0,228,3538.0,218,118019,4184839130.0,1260708
2020-03-17 09:03:49.536000000,3536.0,3558.0,3534.0,3536.0,103,3537.0,3,118280,4194069740.0,1260702
2020-03-17 09:03:50.036000000,3537.0,3558.0,3534.0,3536.0,155,3537.0,80,118698,4208851780.0,1260692
2020-03-17 09:03:50.521000000,3536.0,3558.0,3534.0,3536.0,180,3538.0,205,118967,4218365160.0,1260675
2020-03-17 09:03:51.034000000,3536.0,3558.0,3534.0,3536.0,5,3537.0,7,119286,4229645120.0,1260790
2020-03-17 09:03:51.536000000,3537.0,3558.0,3534.0,3536.0,44,3537.0,148,119735,4245523600.0,1260682
2020-03-17 09:03:52.028000000,3537.0,3558.0,3534.0,3535.0,305,3537.0,126,119997,4254788320.0,1260638
2020-03-17 09:03:52.533000000,3535.0,3558.0,3534.0,3535.0,289,3536.0,19,120107,4258677760.0,1260591
2020-03-17 09:03:53.034000000,3535.0,3558.0,3534.0,3535.0,271,3536.0,148,120210,4262319500.0,1260558
2020-03-17 09:03:53.535000000,3535.0,3558.0,3534.0,3535.0,146,3536.0,130,120305,4265678310.0,1260571
2020-03-17 09:03:54.036000000,3535.0,3558.0,3534.0,3534.0,458,3535.0,183,120484,4272006080.0,1260468
2020-03-17 09:03:54.534000000,3535.0,3558.0,3534.0,3534.0,242,3535.0,10,120884,4286144720.0,1260319
2020-03-17 09:03:55.030000000,3535.0,3558.0,3534.0,3535.0,12,3536.0,288,120955,4288654710.0,1260297
2020-03-17 09:03:55.536000000,3536.0,3558.0,3534.0,3534.0,290,3535.0,1,121049,4291977590.0,1260276
2020-03-17 09:03:56.027000000,3535.0,3558.0,3534.0,3535.0,45,3536.0,311,121125,4294664290.0,1260270
2020-03-17 09:03:56.519000000,3535.0,3558.0,3534.0,3534.0,303,3535.0,105,121334,4302052620.0,1260252
2020-03-17 09:03:57.036000000,3535.0,3558.0,3534.0,3534.0,259,3535.0,45,121544,4309475790.0,1260392
2020-03-17 09:03:57.535000000,3535.0,3558.0,3534.0,3534.0,267,3535.0,63,121617,4312056180.0,1260353
2020-03-17 09:03:58.035000000,3535.0,3558.0,3534.0,3534.0,283,3535.0,42,121689,4314601260.0,1260385
2020-03-17 09:03:58.535000000,3535.0,3558.0,3534.0,3535.0,255,3536.0,390,121758,4317040400.0,1260405
2020-03-17 09:03:59.035000000,3535.0,3558.0,3534.0,3536.0,2,3537.0,284,122142,4330617940.0,1260422
2020-03-17 09:03:59.533000000,3537.0,3558.0,3534.0,3536.0,76,3537.0,226,122209,4332987230.0,1260415
2020-03-17 09:04:00.030000000,3536.0,3558.0,3534.0,3536.0,78,3537.0,226,122273,4335250290.0,1260395
2020-03-17 09:04:00.536000000,3537.0,3558.0,3534.0,3537.0,58,3538.0,270,122495,4343102270.0,1260324
2020-03-17 09:04:01.021000000,3537.0,3558.0,3534.0,3537.0,60,3538.0,175,122763,4352581760.0,1260326
2020-03-17 09:04:01.536000000,3537.0,3558.0,3534.0,3537.0,8,3538.0,78,123154,4366412340.0,1260514
2020-03-17 09:04:02.031000000,3537.0,3558.0,3534.0,3537.0,91,3538.0,79,123320,4372284910.0,1260459
2020-03-17 09:04:02.528000000,3537.0,3558.0,3534.0,3537.0,64,3538.0,47,123385,4374584270.0,1260444
2020-03-17 09:04:03.036000000,3538.0,3558.0,3534.0,3537.0,79,3538.0,108,123440,4376529750.0,1260466
2020-03-17 09:04:03.532000000,3538.0,3558.0,3534.0,3537.0,132,3538.0,8,123627,4383145760.0,1260425
2020-03-17 09:04:04.029000000,3538.0,3558.0,3534.0,3538.0,147,3539.0,142,123665,4384490110.0,1260425
2020-03-17 09:04:04.533000000,3539.0,3558.0,3534.0,3538.0,503,3539.0,166,123686,4385233210.0,1260416
2020-03-17 09:04:05.031000000,3539.0,3558.0,3534.0,3539.0,69,3540.0,400,123898,4392735720.0,1260378
2020-03-17 09:04:05.528000000,3540.0,3558.0,3534.0,3539.0,117,3540.0,200,124153,4401761260.0,1260279
2020-03-17 09:04:06.036000000,3540.0,3558.0,3534.0,3539.0,121,3540.0,66,124319,4407637300.0,1260317
2020-03-17 09:04:06.536000000,3539.0,3558.0,3534.0,3539.0,198,3540.0,194,124359,4409053230.0,1260302
2020-03-17 09:04:07.036000000,3540.0,3558.0,3534.0,3539.0,156,3540.0,135,124461,4412663610.0,1260326
2020-03-17 09:04:07.515000000,3540.0,3558.0,3534.0,3539.0,88,3540.0,123,124607,4417830900.0,1260278
2020-03-17 09:04:08.033000000,3540.0,3558.0,3534.0,3539.0,1,3540.0,140,124821,4425405340.0,1260210
2020-03-17 09:04:08.536000000,3539.0,3558.0,3534.0,3539.0,11,3540.0,151,124868,4427068950.0,1260230
2020-03-17 09:04:09.034000000,3539.0,3558.0,3534.0,3538.0,688,3539.0,9,124957,4430218520.0,1260212
2020-03-17 09:04:09.535000000,3540.0,3558.0,3534.0,3539.0,91,3540.0,233,125190,4438462950.0,1260303
2020-03-17 09:04:10.037000000,3540.0,3558.0,3534.0,3539.0,57,3540.0,220,125283,4441754660.0,1260285
2020-03-17 09:04:10.534000000,3540.0,3558.0,3534.0,3539.0,3,3540.0,160,125497,4449329060.0,1260324
2020-03-17 09:04:11.036000000,3540.0,3558.0,3534.0,3539.0,28,3540.0,169,125540,4450851000.0,1260331
2020-03-17 09:04:11.528000000,3539.0,3558.0,3534.0,3539.0,10,3540.0,188,125616,4453541050.0,1260279
2020-03-17 09:04:12.035000000,3540.0,3558.0,3534.0,3539.0,42,3540.0,186,125631,4454071950.0,1260287
2020-03-17 09:04:12.526000000,3540.0,3558.0,3534.0,3539.0,39,3540.0,189,125660,4455098470.0,1260268
2020-03-17 09:04:13.036000000,3540.0,3558.0,3534.0,3539.0,63,3540.0,141,125706,4456726820.0,1260240
2020-03-17 09:04:13.525000000,3540.0,3558.0,3534.0,3539.0,88,3540.0,144,125732,4457646990.0,1260226
2020-03-17 09:04:14.036000000,3540.0,3558.0,3534.0,3540.0,66,3541.0,354,125897,4463487980.0,1260255
2020-03-17 09:04:14.534000000,3540.0,3558.0,3534.0,3540.0,17,3541.0,390,125987,4466673990.0,1260264
2020-03-17 09:04:15.035000000,3540.0,3558.0,3534.0,3540.0,13,3541.0,390,125996,4466992600.0,1260260
2020-03-17 09:04:15.536000000,3541.0,3558.0,3534.0,3540.0,33,3541.0,385,126012,4467559070.0,1260253
2020-03-17 09:04:16.033000000,3540.0,3558.0,3534.0,3540.0,149,3541.0,379,126044,4468691940.0,1260270
2020-03-17 09:04:16.531000000,3540.0,3558.0,3534.0,3540.0,241,3541.0,346,126089,4470285230.0,1260291
2020-03-17 09:04:17.036000000,3541.0,3558.0,3534.0,3541.0,49,3542.0,508,126454,4483209650.0,1260333
2020-03-17 09:04:17.532000000,3542.0,3558.0,3534.0,3541.0,152,3542.0,485,126500,4484838640.0,1260359
2020-03-17 09:04:18.036000000,3541.0,3558.0,3534.0,3541.0,108,3542.0,488,126578,4487600710.0,1260408
2020-03-17 09:04:18.534000000,3541.0,3558.0,3534.0,3540.0,242,3541.0,2,126716,4492487290.0,1260390
2020-03-17 09:04:19.034000000,3541.0,3558.0,3534.0,3540.0,271,3541.0,146,127243,4511153320.0,1260243
2020-03-17 09:04:19.528000000,3542.0,3558.0,3534.0,3542.0,76,3543.0,478,127578,4523017530.0,1260234
2020-03-17 09:04:20.035000000,3542.0,3558.0,3534.0,3542.0,42,3543.0,498,127641,4525249070.0,1260204
2020-03-17 09:04:20.536000000,3541.0,3558.0,3534.0,3541.0,125,3542.0,32,127877,4533606450.0,1260342
2020-03-17 09:04:21.028000000,3541.0,3558.0,3534.0,3541.0,172,3542.0,210,127894,4534208540.0,1260346
2020-03-17 09:04:21.529000000,3541.0,3558.0,3534.0,3541.0,135,3542.0,266,127907,4534668980.0,1260339
2020-03-17 09:04:22.026000000,3542.0,3558.0,3534.0,3541.0,103,3542.0,267,127920,4535129370.0,1260343
2020-03-17 09:04:22.535000000,3542.0,3558.0,3534.0,3541.0,75,3542.0,296,127963,4536652140.0,1260341
2020-03-17 09:04:23.017000000,3542.0,3558.0,3534.0,3541.0,127,3542.0,307,127973,4537006330.0,1260340
2020-03-17 09:04:23.535000000,3541.0,3558.0,3534.0,3541.0,145,3542.0,218,128079,4540760830.0,1260400
2020-03-17 09:04:24.015000000,3542.0,3558.0,3534.0,3541.0,41,3542.0,215,128241,4546497370.0,1260296
2020-03-17 09:04:24.529000000,3542.0,3558.0,3534.0,3541.0,29,3542.0,248,128252,4546886940.0,1260297
2020-03-17 09:04:25.034000000,3541.0,3558.0,3534.0,3541.0,103,3542.0,259,128287,4548126470.0,1260288
2020-03-17 09:04:25.518000000,3541.0,3558.0,3534.0,3541.0,109,3542.0,279,128368,4550995210.0,1260273
2020-03-17 09:04:26.019000000,3542.0,3558.0,3534.0,3542.0,283,3543.0,622,128732,4563887680.0,1260399
2020-03-17 09:04:26.534000000,3543.0,3558.0,3534.0,3542.0,314,3543.0,561,128743,4564277330.0,1260409
2020-03-17 09:04:27.030000000,3542.0,3558.0,3534.0,3542.0,363,3543.0,512,128768,4565162930.0,1260415
2020-03-17 09:04:27.510000000,3543.0,3558.0,3534.0,3542.0,408,3543.0,466,128778,4565517150.0,1260416
2020-03-17 09:04:28.028000000,3543.0,3558.0,3534.0,3542.0,415,3543.0,302,129042,4574870620.0,1260315
2020-03-17 09:04:28.534000000,3543.0,3558.0,3534.0,3543.0,102,3544.0,491,129379,4586810410.0,1260386
2020-03-17 09:04:29.036000000,3544.0,3558.0,3534.0,3543.0,134,3544.0,403,129416,4588121530.0,1260399
2020-03-17 09:04:29.526000000,3544.0,3558.0,3534.0,3543.0,254,3544.0,315,129447,4589220000.0,1260417
2020-03-17 09:04:30.035000000,3544.0,3558.0,3534.0,3543.0,493,3544.0,235,129473,4590141430.0,1260399
2020-03-17 09:04:30.527000000,3544.0,3558.0,3534.0,3544.0,133,3545.0,659,129735,4599426720.0,1260325
2020-03-17 09:04:31.025000000,3544.0,3558.0,3534.0,3544.0,372,3545.0,526,129884,4604708430.0,1260356
2020-03-17 09:04:31.523000000,3545.0,3558.0,3534.0,3544.0,568,3545.0,332,130086,4611869240.0,1260358
2020-03-17 09:04:32.025000000,3545.0,3558.0,3534.0,3545.0,527,3546.0,214,130492,4626262500.0,1260602
2020-03-17 09:04:32.535000000,3546.0,3558.0,3534.0,3546.0,275,3547.0,231,130716,4634205540.0,1260729
2020-03-17 09:04:33.011000000,3547.0,3558.0,3534.0,3546.0,222,3547.0,333,130897,4640624210.0,1260774
2020-03-17 09:04:33.533000000,3547.0,3558.0,3534.0,3546.0,191,3547.0,240,131054,4646192760.0,1260772
2020-03-17 09:04:34.037000000,3546.0,3558.0,3534.0,3546.0,196,3547.0,191,131118,4648462780.0,1260793
2020-03-17 09:04:34.536000000,3547.0,3558.0,3534.0,3546.0,171,3547.0,119,131279,4654172900.0,1260894
2020-03-17 09:04:35.032000000,3546.0,3558.0,3534.0,3546.0,218,3547.0,28,131426,4659386510.0,1260941
2020-03-17 09:04:35.536000000,3547.0,3558.0,3534.0,3547.0,80,3548.0,108,131502,4662082230.0,1260980
2020-03-17 09:04:36.033000000,3547.0,3558.0,3534.0,3546.0,263,3547.0,76,131784,4672084590.0,1260977
2020-03-17 09:04:36.535000000,3547.0,3558.0,3534.0,3546.0,263,3547.0,37,131929,4677227610.0,1260998
2020-03-17 09:04:37.035000000,3547.0,3558.0,3534.0,3546.0,253,3547.0,58,132040,4681164520.0,1261040
2020-03-17 09:04:37.535000000,3546.0,3558.0,3534.0,3546.0,158,3547.0,14,132195,4686661850.0,1261132
2020-03-17 09:04:38.025000000,3546.0,3558.0,3534.0,3546.0,63,3547.0,13,132350,4692158540.0,1261047
2020-03-17 09:04:38.535000000,3547.0,3558.0,3534.0,3546.0,161,3547.0,95,132469,4696379390.0,1260975
2020-03-17 09:04:39.036000000,3546.0,3558.0,3534.0,3546.0,205,3547.0,68,132504,4697620720.0,1260949
2020-03-17 09:04:39.533000000,3547.0,3558.0,3534.0,3545.0,232,3546.0,6,132766,4706911360.0,1260803
2020-03-17 09:04:40.032000000,3546.0,3558.0,3534.0,3545.0,55,3546.0,24,133019,4715880580.0,1260720
2020-03-17 09:04:40.536000000,3546.0,3558.0,3534.0,3545.0,73,3546.0,200,133047,4716873420.0,1260729
2020-03-17 09:04:41.009000000,3545.0,3558.0,3534.0,3544.0,355,3545.0,197,133219,4722970870.0,1260601
2020-03-17 09:04:41.534000000,3544.0,3558.0,3534.0,3544.0,293,3545.0,239,133450,4731159570.0,1260597
2020-03-17 09:04:42.035000000,3544.0,3558.0,3534.0,3544.0,261,3545.0,286,133479,4732187390.0,1260592
2020-03-17 09:04:42.536000000,3544.0,3558.0,3534.0,3544.0,241,3545.0,272,133548,4734633110.0,1260606
2020-03-17 09:04:43.021000000,3544.0,3558.0,3534.0,3544.0,11,3545.0,32,134037,4751965640.0,1260510
2020-03-17 09:04:43.506000000,3544.0,3558.0,3534.0,3544.0,174,3545.0,266,134094,4753985710.0,1260516
2020-03-17 09:04:44.026000000,3544.0,3558.0,3534.0,3544.0,114,3545.0,267,134225,4758628420.0,1260450
2020-03-17 09:04:44.536000000,3544.0,3558.0,3534.0,3543.0,535,3544.0,222,134366,4763625460.0,1260391
2020-03-17 09:04:45.037000000,3544.0,3558.0,3534.0,3543.0,490,3544.0,346,134426,4765751760.0,1260391
2020-03-17 09:04:45.536000000,3544.0,3558.0,3534.0,3542.0,292,3543.0,48,134921,4783289630.0,1260431
2020-03-17 09:04:46.036000000,3542.0,3558.0,3534.0,3541.0,126,3542.0,37,135173,4792215580.0,1260592
2020-03-17 09:04:46.533000000,3542.0,3558.0,3534.0,3541.0,91,3542.0,356,135191,4792853090.0,1260598
2020-03-17 09:04:47.018000000,3541.0,3558.0,3534.0,3540.0,391,3541.0,97,135293,4796464910.0,1260623
2020-03-17 09:04:47.537000000,3540.0,3558.0,3534.0,3540.0,470,3541.0,112,135324,4797562560.0,1260619
2020-03-17 09:04:48.033000000,3541.0,3558.0,3534.0,3541.0,101,3542.0,348,135455,4802200890.0,1260622
2020-03-17 09:04:48.521000000,3541.0,3558.0,3534.0,3541.0,85,3542.0,311,135514,4804290290.0,1260680
2020-03-17 09:04:49.026000000,3542.0,3558.0,3534.0,3541.0,16,3542.0,300,135541,4805246470.0,1260688
2020-03-17 09:04:49.526000000,3540.0,3558.0,3534.0,3540.0,298,3541.0,8,135756,4812858780.0,1260745
2020-03-17 09:04:50.032000000,3542.0,3558.0,3534.0,3541.0,24,3542.0,287,136077,4824222770.0,1260709
2020-03-17 09:04:50.524000000,3541.0,3558.0,3534.0,3540.0,25,3541.0,440,136254,4830490330.0,1260623
2020-03-17 09:04:51.030000000,3540.0,3558.0,3534.0,3539.0,220,3540.0,13,136305,4832295900.0,1260625
2020-03-17 09:04:51.515000000,3541.0,3558.0,3534.0,3539.0,209,3541.0,639,136546,4840828840.0,1260820
2020-03-17 09:04:52.036000000,3540.0,3558.0,3534.0,3539.0,475,3540.0,8,136578,4841961640.0,1260812
2020-03-17 09:04:52.532000000,3540.0,3558.0,3534.0,3540.0,19,3541.0,646,136595,4842563470.0,1260804
2020-03-17 09:04:53.035000000,3540.0,3558.0,3534.0,3539.0,468,3540.0,520,136756,4848262770.0,1260742
2020-03-17 09:04:53.526000000,3540.0,3558.0,3534.0,3539.0,255,3540.0,347,137030,4857962220.0,1260987
2020-03-17 09:04:54.031000000,3539.0,3558.0,3534.0,3538.0,471,3539.0,196,137297,4867411420.0,1260806
2020-03-17 09:04:54.533000000,3539.0,3558.0,3534.0,3538.0,455,3539.0,60,137487,4874135300.0,1260635
2020-03-17 09:04:55.035000000,3538.0,3558.0,3534.0,3538.0,459,3539.0,10,137540,4876010720.0,1260628
2020-03-17 09:04:55.537000000,3539.0,3558.0,3534.0,3538.0,707,3539.0,3,137555,4876541570.0,1260625
2020-03-17 09:04:56.035000000,3539.0,3558.0,3534.0,3539.0,209,3540.0,332,137582,4877497130.0,1260631
2020-03-17 09:04:56.521000000,3539.0,3558.0,3534.0,3539.0,469,3540.0,296,137678,4880895000.0,1260593
2020-03-17 09:04:57.019000000,3539.0,3558.0,3534.0,3539.0,535,3541.0,540,138053,4894169970.0,1260584
2020-03-17 09:04:57.532000000,3541.0,3558.0,3534.0,3540.0,116,3541.0,523,138068,4894700860.0,1260593
2020-03-17 09:04:58.036000000,3540.0,3558.0,3534.0,3540.0,148,3541.0,507,138076,4894984070.0,1260600
2020-03-17 09:04:58.530000000,3540.0,3558.0,3534.0,3540.0,162,3541.0,494,138079,4895090290.0,1260601
2020-03-17 09:04:59.037000000,3540.0,3558.0,3534.0,3540.0,173,3541.0,422,138147,4897498000.0,1260568
2020-03-17 09:04:59.532000000,3541.0,3558.0,3534.0,3541.0,210,3542.0,347,138582,4912901350.0,1260597
2020-03-17 09:05:00.036000000,3541.0,3558.0,3534.0,3541.0,300,3542.0,166,138634,4914743160.0,1260600
2020-03-17 09:05:00.536000000,3542.0,3558.0,3534.0,3542.0,78,3543.0,254,138837,4921933480.0,1260624
2020-03-17 09:05:01.034000000,3542.0,3558.0,3534.0,3542.0,159,3543.0,239,138903,4924271310.0,1260622
2020-03-17 09:05:01.527000000,3542.0,3558.0,3534.0,3542.0,112,3543.0,233,138961,4926325730.0,1260661
2020-03-17 09:05:02.035000000,3542.0,3558.0,3534.0,3542.0,93,3543.0,250,138972,4926715420.0,1260662
2020-03-17 09:05:02.522000000,3543.0,3558.0,3534.0,3541.0,332,3543.0,247,139087,4930788790.0,1260644
2020-03-17 09:05:03.035000000,3541.0,3558.0,3534.0,3541.0,330,3543.0,241,139155,4933197400.0,1260630
2020-03-17 09:05:03.532000000,3542.0,3558.0,3534.0,3542.0,5,3543.0,228,139165,4933551590.0,1260630
2020-03-17 09:05:04.023000000,3543.0,3558.0,3534.0,3542.0,128,3543.0,232,139188,4934366390.0,1260632
2020-03-17 09:05:04.527000000,3543.0,3558.0,3534.0,3542.0,165,3543.0,154,139258,4936846360.0,1260613
2020-03-17 09:05:05.032000000,3543.0,3558.0,3534.0,3542.0,193,3543.0,99,139319,4939007500.0,1260663
2020-03-17 09:05:05.523000000,3542.0,3558.0,3534.0,3542.0,195,3543.0,9,139487,4944959640.0,1260662
2020-03-17 09:05:06.035000000,3542.0,3558.0,3534.0,3543.0,9,3544.0,296,139518,4946057920.0,1260677
2020-03-17 09:05:06.527000000,3543.0,3558.0,3534.0,3542.0,199,3543.0,1,139577,4948148290.0,1260633
2020-03-17 09:05:07.032000000,3542.0,3558.0,3534.0,3542.0,139,3543.0,84,139706,4952717680.0,1260565
2020-03-17 09:05:07.529000000,3542.0,3558.0,3534.0,3542.0,115,3543.0,85,139778,4955268410.0,1260578
2020-03-17 09:05:08.030000000,3543.0,3558.0,3534.0,3542.0,154,3543.0,119,139802,4956118730.0,1260581
2020-03-17 09:05:08.529000000,3542.0,3558.0,3534.0,3542.0,171,3543.0,107,139810,4956402110.0,1260583
2020-03-17 09:05:09.036000000,3543.0,3558.0,3534.0,3543.0,21,3544.0,389,140026,4964053950.0,1260620
2020-03-17 09:05:09.530000000,3543.0,3558.0,3534.0,3543.0,13,3544.0,386,140106,4966888340.0,1260591
2020-03-17 09:05:10.019000000,3543.0,3558.0,3534.0,3542.0,196,3543.0,2,140329,4974790600.0,1260651
2020-03-17 09:05:10.528000000,3543.0,3558.0,3534.0,3542.0,324,3543.0,12,140353,4975640780.0,1260660
2020-03-17 09:05:11.033000000,3543.0,3558.0,3534.0,3543.0,34,3544.0,321,140577,4983577150.0,1260868
2020-03-17 09:05:11.537000000,3543.0,3558.0,3534.0,3543.0,109,3544.0,343,140600,4984392060.0,1260882
2020-03-17 09:05:12.036000000,3543.0,3558.0,3534.0,3543.0,229,3544.0,343,140610,4984746360.0,1260890
2020-03-17 09:05:12.531000000,3544.0,3558.0,3534.0,3543.0,210,3544.0,292,140640,4985809320.0,1260900
2020-03-17 09:05:13.035000000,3544.0,3558.0,3534.0,3543.0,260,3544.0,295,140678,4987155750.0,1260905
2020-03-17 09:05:13.530000000,3543.0,3558.0,3534.0,3543.0,249,3544.0,296,140698,4987864360.0,1260896
2020-03-17 09:05:14.033000000,3544.0,3558.0,3534.0,3543.0,246,3544.0,296,140702,4988006100.0,1260897
2020-03-17 09:05:14.533000000,3544.0,3558.0,3534.0,3544.0,13,3545.0,279,141244,5007212340.0,1260880
2020-03-17 09:05:15.033000000,3544.0,3558.0,3534.0,3544.0,73,3545.0,261,141263,5007885700.0,1260880
2020-03-17 09:05:15.532000000,3544.0,3558.0,3534.0,3544.0,160,3545.0,252,141286,5008700850.0,1260890
2020-03-17 09:05:16.036000000,3545.0,3558.0,3534.0,3544.0,208,3545.0,140,141385,5012210390.0,1260881
2020-03-17 09:05:16.536000000,3544.0,3558.0,3534.0,3544.0,245,3545.0,126,141393,5012493980.0,1260876
2020-03-17 09:05:17.005000000,3544.0,3558.0,3534.0,3544.0,248,3545.0,72,141423,5013557450.0,1260884
2020-03-17 09:05:17.533000000,3544.0,3558.0,3534.0,3544.0,297,3545.0,100,141438,5014089180.0,1260885
2020-03-17 09:05:18.033000000,3545.0,3558.0,3534.0,3544.0,295,3545.0,403,141480,5015578060.0,1260919
2020-03-17 09:05:18.534000000,3545.0,3558.0,3534.0,3544.0,221,3545.0,447,141505,5016464080.0,1260929
2020-03-17 09:05:19.035000000,3544.0,3558.0,3534.0,3544.0,134,3545.0,459,141539,5017669080.0,1260913
2020-03-17 09:05:19.536000000,3545.0,3558.0,3534.0,3544.0,124,3545.0,443,141594,5019618610.0,1260938
2020-03-17 09:05:20.036000000,3545.0,3558.0,3534.0,3544.0,139,3545.0,339,141701,5023411750.0,1260895
2020-03-17 09:05:20.528000000,3544.0,3558.0,3534.0,3544.0,162,3545.0,309,141737,5024687750.0,1260878
2020-03-17 09:05:21.034000000,3544.0,3558.0,3534.0,3544.0,114,3545.0,303,141801,5026956020.0,1260899
2020-03-17 09:05:21.510000000,3545.0,3558.0,3534.0,3544.0,146,3545.0,242,141899,5030430060.0,1260893
2020-03-17 09:05:22.031000000,3544.0,3558.0,3534.0,3544.0,313,3545.0,221,141908,5030749040.0,1260893
2020-03-17 09:05:22.523000000,3545.0,3558.0,3534.0,3544.0,263,3545.0,125,142076,5036704040.0,1260897
2020-03-17 09:05:23.035000000,3545.0,3558.0,3534.0,3544.0,298,3545.0,106,142082,5036916740.0,1260893
2020-03-17 09:05:23.532000000,3545.0,3558.0,3534.0,3545.0,159,3546.0,318,142208,5041383530.0,1260814
2020-03-17 09:05:24.037000000,3545.0,3558.0,3534.0,3545.0,217,3546.0,300,142240,5042517990.0,1260790
2020-03-17 09:05:24.534000000,3545.0,3558.0,3534.0,3545.0,212,3546.0,257,142271,5043617010.0,1260788
2020-03-17 09:05:25.031000000,3545.0,3558.0,3534.0,3545.0,191,3546.0,247,142322,5045425060.0,1260799
2020-03-17 09:05:25.537000000,3546.0,3558.0,3534.0,3545.0,186,3546.0,277,142335,5045885970.0,1260797
2020-03-17 09:05:26.031000000,3546.0,3558.0,3534.0,3545.0,181,3546.0,305,142349,5046382360.0,1260793
2020-03-17 09:05:26.536000000,3545.0,3558.0,3534.0,3545.0,190,3546.0,298,142354,5046559630.0,1260793
2020-03-17 09:05:27.037000000,3545.0,3558.0,3534.0,3545.0,222,3546.0,290,142379,5047445990.0,1260790
2020-03-17 09:05:27.534000000,3545.0,3558.0,3534.0,3545.0,164,3546.0,301,142443,5049714850.0,1260810
2020-03-17 09:05:28.034000000,3545.0,3558.0,3534.0,3545.0,169,3546.0,308,142460,5050317600.0,1260794
2020-03-17 09:05:28.534000000,3545.0,3558.0,3534.0,3544.0,291,3545.0,50,142636,5056556820.0,1260700
2020-03-17 09:05:29.036000000,3545.0,3558.0,3534.0,3544.0,290,3545.0,164,142658,5057336620.0,1260699
2020-03-17 09:05:29.535000000,3544.0,3558.0,3534.0,3544.0,283,3545.0,356,142704,5058967290.0,1260704
2020-03-17 09:05:30.009000000,3545.0,3558.0,3534.0,3544.0,244,3545.0,384,142721,5059569910.0,1260697
2020-03-17 09:05:30.529000000,3544.0,3558.0,3534.0,3543.0,175,3544.0,166,142965,5068217270.0,1260570
2020-03-17 09:05:31.034000000,3544.0,3558.0,3534.0,3543.0,192,3544.0,224,142990,5069103270.0,1260558
2020-03-17 09:05:31.500000000,3543.0,3558.0,3534.0,3543.0,125,3544.0,224,143070,5071937770.0,1260567
2020-03-17 09:05:32.034000000,3544.0,3558.0,3534.0,3543.0,102,3544.0,233,143097,5072894650.0,1260552
2020-03-17 09:05:32.536000000,3543.0,3558.0,3534.0,3543.0,121,3544.0,234,143103,5073107230.0,1260552
2020-03-17 09:05:33.034000000,3543.0,3558.0,3534.0,3543.0,100,3544.0,143,143227,5077501580.0,1260450
2020-03-17 09:05:33.530000000,3543.0,3558.0,3534.0,3543.0,189,3544.0,149,143235,5077785070.0,1260448
2020-03-17 09:05:34.036000000,3544.0,3558.0,3534.0,3543.0,248,3544.0,106,143288,5079663340.0,1260454
2020-03-17 09:05:34.536000000,3543.0,3558.0,3534.0,3543.0,266,3544.0,101,143314,5080584750.0,1260457
2020-03-17 09:05:35.031000000,3544.0,3558.0,3534.0,3543.0,246,3544.0,20,143421,5084376620.0,1260492
2020-03-17 09:05:35.512000000,3544.0,3558.0,3534.0,3543.0,250,3544.0,3,143457,5085652400.0,1260474
2020-03-17 09:05:36.023000000,3543.0,3558.0,3534.0,3543.0,251,3544.0,4,143459,5085723270.0,1260474
2020-03-17 09:05:36.508000000,3544.0,3558.0,3534.0,3544.0,207,3545.0,678,143475,5086290310.0,1260472
2020-03-17 09:05:37.032000000,3544.0,3558.0,3534.0,3544.0,264,3545.0,672,143475,5086290310.0,1260472
2020-03-17 09:05:37.530000000,3544.0,3558.0,3534.0,3544.0,305,3545.0,676,143477,5086361190.0,1260472
2020-03-17 09:05:38.031000000,3544.0,3558.0,3534.0,3544.0,329,3545.0,476,143678,5093486630.0,1260282
2020-03-17 09:05:38.526000000,3544.0,3558.0,3534.0,3544.0,341,3545.0,468,143694,5094053750.0,1260280
2020-03-17 09:05:39.036000000,3545.0,3558.0,3534.0,3544.0,341,3545.0,345,143844,5099371200.0,1260152
2020-03-17 09:05:39.536000000,3544.0,3558.0,3534.0,3544.0,365,3545.0,343,143848,5099512960.0,1260152
2020-03-17 09:05:40.032000000,3545.0,3558.0,3534.0,3544.0,358,3545.0,355,143863,5100044630.0,1260155
2020-03-17 09:05:40.534000000,3544.0,3558.0,3534.0,3544.0,323,3545.0,190,144049,5106638240.0,1260171
2020-03-17 09:05:41.036000000,3544.0,3558.0,3534.0,3544.0,350,3545.0,179,144069,5107347050.0,1260165
2020-03-17 09:05:41.537000000,3544.0,3558.0,3534.0,3544.0,357,3545.0,171,144100,5108445950.0,1260163
2020-03-17 09:05:42.026000000,3545.0,3558.0,3534.0,3544.0,356,3545.0,174,144104,5108587730.0,1260162
2020-03-17 09:05:42.533000000,3544.0,3558.0,3534.0,3544.0,343,3545.0,426,144121,5109190210.0,1260162
2020-03-17 09:05:43.025000000,3545.0,3558.0,3534.0,3544.0,278,3545.0,436,144139,5109828300.0,1260155
2020-03-17 09:05:43.535000000,3545.0,3558.0,3534.0,3544.0,276,3545.0,469,144147,5110111860.0,1260154
2020-03-17 09:05:44.036000000,3545.0,3558.0,3534.0,3544.0,275,3545.0,469,144153,5110324540.0,1260154
2020-03-17 09:05:44.524000000,3544.0,3558.0,3534.0,3544.0,261,3545.0,462,144178,5111210670.0,1260139
2020-03-17 09:05:45.037000000,3544.0,3558.0,3534.0,3543.0,254,3544.0,47,144449,5120815000.0,1260228
2020-03-17 09:05:45.529000000,3544.0,3558.0,3534.0,3543.0,300,3544.0,27,144515,5123153910.0,1260221
2020-03-17 09:05:46.032000000,3544.0,3558.0,3534.0,3544.0,13,3545.0,455,144543,5124146230.0,1260209
2020-03-17 09:05:46.534000000,3544.0,3558.0,3534.0,3544.0,99,3545.0,460,144556,5124606950.0,1260204
2020-03-17 09:05:47.035000000,3544.0,3558.0,3534.0,3544.0,108,3545.0,460,144562,5124819590.0,1260209
2020-03-17 09:05:47.535000000,3544.0,3558.0,3534.0,3544.0,109,3545.0,454,144614,5126662970.0,1260232
2020-03-17 09:05:48.026000000,3544.0,3558.0,3534.0,3544.0,109,3545.0,456,144617,5126769290.0,1260232
2020-03-17 09:05:48.518000000,3544.0,3558.0,3534.0,3544.0,117,3545.0,458,144625,5127052820.0,1260239
2020-03-17 09:05:49.024000000,3544.0,3558.0,3534.0,3544.0,157,3545.0,469,144635,5127407220.0,1260242
2020-03-17 09:05:49.536000000,3544.0,3558.0,3534.0,3544.0,160,3545.0,473,144639,5127548980.0,1260245
2020-03-17 09:05:50.036000000,3545.0,3558.0,3534.0,3544.0,148,3545.0,495,144654,5128080610.0,1260258
2020-03-17 09:05:50.505000000,3544.0,3558.0,3534.0,3544.0,136,3546.0,438,145200,5147435870.0,1260175
2020-03-17 09:05:51.035000000,3545.0,3558.0,3534.0,3545.0,12,3546.0,421,145203,5147542220.0,1260178
2020-03-17 09:05:51.518000000,3546.0,3558.0,3534.0,3545.0,164,3546.0,416,145206,5147648600.0,1260178
2020-03-17 09:05:52.036000000,3545.0,3558.0,3534.0,3545.0,196,3546.0,425,145225,5148322150.0,1260190
2020-03-17 09:05:52.532000000,3546.0,3558.0,3534.0,3545.0,198,3546.0,411,145233,5148605800.0,1260191
2020-03-17 09:05:53.030000000,3545.0,3558.0,3534.0,3545.0,75,3546.0,397,145376,5153675280.0,1260179
2020-03-17 09:05:53.537000000,3545.0,3558.0,3534.0,3544.0,272,3545.0,90,145526,5158992810.0,1260129
2020-03-17 09:05:54.022000000,3545.0,3558.0,3534.0,3544.0,277,3545.0,3,145618,5162254210.0,1260039
2020-03-17 09:05:54.537000000,3546.0,3558.0,3534.0,3544.0,294,3546.0,395,145877,5171435810.0,1260289
2020-03-17 09:05:55.033000000,3545.0,3558.0,3534.0,3544.0,295,3545.0,156,145945,5173846410.0,1260284
2020-03-17 09:05:55.508000000,3546.0,3558.0,3534.0,3545.0,11,3546.0,397,146105,5179518440.0,1260255
2020-03-17 09:05:56.032000000,3546.0,3558.0,3534.0,3545.0,16,3546.0,386,146176,5182035510.0,1260245
2020-03-17 09:05:56.521000000,3545.0,3558.0,3534.0,3544.0,296,3545.0,179,146231,5183985360.0,1260250
2020-03-17 09:05:57.018000000,3544.0,3558.0,3534.0,3544.0,296,3545.0,158,146255,5184836140.0,1260229
2020-03-17 09:05:57.533000000,3545.0,3558.0,3534.0,3544.0,336,3545.0,205,146259,5184977940.0,1260225
2020-03-17 09:05:58.032000000,3544.0,3558.0,3534.0,3544.0,334,3545.0,301,146273,5185474180.0,1260221
2020-03-17 09:05:58.537000000,3544.0,3558.0,3534.0,3544.0,327,3545.0,236,146343,5187955660.0,1260158
2020-03-17 09:05:59.030000000,3545.0,3558.0,3534.0,3544.0,337,3545.0,229,146361,5188593700.0,1260155
2020-03-17 09:05:59.527000000,3545.0,3558.0,3534.0,3544.0,338,3545.0,180,146368,5188841830.0,1260156
2020-03-17 09:06:00.026000000,3545.0,3558.0,3534.0,3544.0,338,3545.0,176,146394,5189763320.0,1260150
2020-03-17 09:06:00.532000000,3545.0,3558.0,3534.0,3544.0,333,3545.0,152,146430,5191039460.0,1260144
2020-03-17 09:06:01.016000000,3544.0,3558.0,3534.0,3544.0,333,3545.0,153,146437,5191287560.0,1260145
2020-03-17 09:06:01.535000000,3544.0,3558.0,3534.0,3544.0,329,3545.0,146,146460,5192102800.0,1260154
2020-03-17 09:06:02.032000000,3544.0,3558.0,3534.0,3544.0,401,3545.0,148,146472,5192528120.0,1260160
2020-03-17 09:06:02.532000000,3545.0,3558.0,3534.0,3544.0,402,3545.0,121,146505,5193697960.0,1260183
2020-03-17 09:06:03.017000000,3545.0,3558.0,3534.0,3544.0,400,3545.0,307,146540,5194938690.0,1260202
2020-03-17 09:06:03.523000000,3544.0,3558.0,3534.0,3544.0,349,3545.0,282,146617,5197667980.0,1260242
2020-03-17 09:06:04.007000000,3544.0,3558.0,3534.0,3544.0,370,3545.0,316,146637,5198376790.0,1260257
2020-03-17 09:06:04.515000000,3544.0,3558.0,3534.0,3544.0,340,3545.0,321,146685,5200078070.0,1260259
2020-03-17 09:06:05.031000000,3545.0,3558.0,3534.0,3544.0,351,3545.0,324,146705,5200786930.0,1260258
2020-03-17 09:06:05.536000000,3544.0,3558.0,3534.0,3544.0,347,3545.0,377,146711,5200999570.0,1260261
2020-03-17 09:06:06.011000000,3544.0,3558.0,3534.0,3544.0,335,3545.0,353,146723,5201424850.0,1260263
2020-03-17 09:06:06.501000000,3545.0,3558.0,3534.0,3544.0,283,3545.0,369,146747,5202275460.0,1260271
2020-03-17 09:06:07.028000000,3544.0,3558.0,3534.0,3544.0,264,3545.0,394,146767,5202984270.0,1260273
2020-03-17 09:06:07.522000000,3544.0,3558.0,3534.0,3544.0,261,3545.0,413,146775,5203267840.0,1260270
2020-03-17 09:06:08.033000000,3544.0,3558.0,3534.0,3544.0,197,3545.0,51,147290,5221523570.0,1260427
2020-03-17 09:06:08.523000000,3544.0,3558.0,3534.0,3544.0,230,3545.0,48,147307,5222126200.0,1260425
2020-03-17 09:06:09.037000000,3544.0,3558.0,3534.0,3544.0,199,3545.0,83,147345,5223472970.0,1260413
2020-03-17 09:06:09.536000000,3545.0,3558.0,3534.0,3544.0,192,3545.0,93,147352,5223721070.0,1260412
2020-03-17 09:06:10.034000000,3544.0,3558.0,3534.0,3544.0,205,3545.0,94,147354,5223791960.0,1260412
2020-03-17 09:06:10.537000000,3545.0,3558.0,3534.0,3544.0,208,3545.0,91,147363,5224110980.0,1260410
2020-03-17 09:06:11.035000000,3544.0,3558.0,3534.0,3544.0,211,3545.0,97,147364,5224146420.0,1260410
2020-03-17 09:06:11.524000000,3545.0,3558.0,3534.0,3544.0,205,3545.0,115,147387,5224961710.0,1260415
2020-03-17 09:06:12.035000000,3544.0,3558.0,3534.0,3544.0,162,3545.0,123,147442,5226910920.0,1260420
2020-03-17 09:06:12.500000000,3544.0,3558.0,3534.0,3544.0,106,3545.0,125,147528,5229958870.0,1260468
2020-03-17 09:06:13.018000000,3544.0,3558.0,3534.0,3544.0,121,3545.0,1,147771,5238573260.0,1260329
2020-03-17 09:06:13.532000000,3544.0,3558.0,3534.0,3544.0,177,3545.0,2,147798,5239530290.0,1260352
2020-03-17 09:06:14.011000000,3545.0,3558.0,3534.0,3545.0,93,3546.0,367,147806,5239813900.0,1260353
2020-03-17 09:06:14.536000000,3545.0,3558.0,3534.0,3545.0,123,3546.0,370,147816,5240168400.0,1260363
2020-03-17 09:06:15.027000000,3545.0,3558.0,3534.0,3545.0,132,3546.0,367,147845,5241196450.0,1260392
2020-03-17 09:06:15.536000000,3545.0,3558.0,3534.0,3545.0,138,3546.0,335,147867,5241976400.0,1260408
2020-03-17 09:06:16.036000000,3545.0,3558.0,3534.0,3545.0,131,3546.0,322,147872,5242153650.0,1260413
2020-03-17 09:06:16.537000000,3545.0,3558.0,3534.0,3545.0,109,3546.0,323,147892,5242862650.0,1260429
2020-03-17 09:06:17.037000000,3546.0,3558.0,3534.0,3545.0,96,3546.0,343,147906,5243359010.0,1260428
2020-03-17 09:06:17.525000000,3546.0,3558.0,3534.0,3545.0,35,3546.0,343,147982,5246053360.0,1260470
2020-03-17 09:06:18.011000000,3546.0,3558.0,3534.0,3545.0,82,3546.0,312,148020,5247400810.0,1260458
2020-03-17 09:06:18.524000000,3545.0,3558.0,3534.0,3544.0,189,3545.0,297,148247,5255447960.0,1260637
2020-03-17 09:06:19.031000000,3545.0,3558.0,3534.0,3544.0,182,3545.0,218,148331,5258425760.0,1260640
2020-03-17 09:06:19.536000000,3546.0,3558.0,3534.0,3545.0,48,3546.0,309,148553,5266295680.0,1260860
2020-03-17 09:06:20.029000000,3545.0,3558.0,3534.0,3545.0,307,3546.0,309,148564,5266685640.0,1260864
2020-03-17 09:06:20.528000000,3545.0,3558.0,3534.0,3545.0,337,3546.0,275,148574,5267040190.0,1260867
2020-03-17 09:06:21.035000000,3546.0,3558.0,3534.0,3545.0,346,3546.0,272,148579,5267217470.0,1260868
2020-03-17 09:06:21.534000000,3546.0,3558.0,3534.0,3545.0,348,3546.0,251,148602,5268033050.0,1260874
2020-03-17 09:06:22.025000000,3545.0,3558.0,3534.0,3545.0,403,3546.0,267,148613,5268423070.0,1260878
2020-03-17 09:06:22.535000000,3546.0,3558.0,3534.0,3545.0,403,3546.0,60,148823,5275869660.0,1260763
2020-03-17 09:06:23.035000000,3546.0,3558.0,3534.0,3546.0,375,3547.0,303,148891,5278280970.0,1260776
2020-03-17 09:06:23.536000000,3546.0,3558.0,3534.0,3546.0,365,3547.0,290,148929,5279628480.0,1260799
2020-03-17 09:06:24.033000000,3546.0,3558.0,3534.0,3546.0,441,3547.0,303,148946,5280231340.0,1260797
2020-03-17 09:06:24.533000000,3546.0,3558.0,3534.0,3546.0,460,3547.0,274,148954,5280515040.0,1260801
2020-03-17 09:06:25.036000000,3547.0,3558.0,3534.0,3546.0,481,3547.0,273,148957,5280621430.0,1260801
2020-03-17 09:06:25.528000000,3546.0,3558.0,3534.0,3546.0,366,3547.0,269,149094,5285479660.0,1260784
2020-03-17 09:06:26.037000000,3546.0,3558.0,3534.0,3546.0,326,3547.0,267,149121,5286437260.0,1260795
2020-03-17 09:06:26.531000000,3547.0,3558.0,3534.0,3546.0,325,3547.0,258,149132,5286827410.0,1260795
2020-03-17 09:06:27.033000000,3546.0,3558.0,3534.0,3546.0,129,3547.0,260,149344,5294344970.0,1260998
2020-03-17 09:06:27.521000000,3547.0,3558.0,3534.0,3546.0,74,3547.0,291,149389,5295940720.0,1261037
2020-03-17 09:06:28.033000000,3546.0,3558.0,3534.0,3545.0,389,3546.0,6,149619,5304097150.0,1260927
2020-03-17 09:06:28.537000000,3546.0,3558.0,3534.0,3545.0,406,3546.0,41,149914,5314560260.0,1260806
2020-03-17 09:06:29.027000000,3547.0,3558.0,3534.0,3546.0,64,3547.0,13,149979,5316865370.0,1260801
2020-03-17 09:06:29.531000000,3547.0,3558.0,3534.0,3546.0,142,3547.0,266,149984,5317042690.0,1260802
2020-03-17 09:06:30.035000000,3547.0,3558.0,3534.0,3545.0,410,3547.0,313,150088,5320730670.0,1260766
2020-03-17 09:06:30.533000000,3546.0,3558.0,3534.0,3546.0,5,3547.0,313,150099,5321120740.0,1260768
2020-03-17 09:06:31.027000000,3546.0,3558.0,3534.0,3545.0,407,3546.0,1,150136,5322432860.0,1260764
2020-03-17 09:06:31.537000000,3547.0,3558.0,3534.0,3546.0,298,3547.0,340,150194,5324489200.0,1260759
2020-03-17 09:06:32.035000000,3547.0,3558.0,3534.0,3546.0,325,3547.0,319,150196,5324560140.0,1260760
2020-03-17 09:06:32.533000000,3547.0,3558.0,3534.0,3546.0,348,3547.0,265,150197,5324595610.0,1260760
2020-03-17 09:06:33.037000000,3547.0,3558.0,3534.0,3546.0,360,3547.0,215,150204,5324843890.0,1260767
2020-03-17 09:06:33.537000000,3546.0,3558.0,3534.0,3546.0,376,3547.0,184,150219,5325375820.0,1260772
2020-03-17 09:06:34.021000000,3546.0,3558.0,3534.0,3546.0,385,3547.0,162,150261,5326865410.0,1260755
2020-03-17 09:06:34.530000000,3547.0,3558.0,3534.0,3546.0,412,3547.0,123,150298,5328177780.0,1260755
2020-03-17 09:06:35.037000000,3546.0,3558.0,3534.0,3546.0,310,3547.0,2,150534,5336547590.0,1260767
2020-03-17 09:06:35.535000000,3547.0,3558.0,3534.0,3547.0,4,3548.0,233,150812,5346408610.0,1260659
2020-03-17 09:06:36.028000000,3547.0,3558.0,3534.0,3546.0,183,3548.0,274,150847,5347650050.0,1260661
2020-03-17 09:06:36.531000000,3546.0,3558.0,3534.0,3546.0,159,3547.0,2,150873,5348572160.0,1260664
2020-03-17 09:06:37.021000000,3548.0,3558.0,3534.0,3546.0,94,3548.0,208,151103,5356729910.0,1260553
2020-03-17 09:06:37.528000000,3547.0,3558.0,3534.0,3546.0,18,3547.0,1,151332,5364850690.0,1260652
2020-03-17 09:06:38.037000000,3547.0,3558.0,3534.0,3546.0,71,3547.0,196,151456,5369247810.0,1260620
2020-03-17 09:06:38.528000000,3546.0,3558.0,3534.0,3545.0,471,3546.0,69,151512,5371233670.0,1260614
2020-03-17 09:06:39.033000000,3546.0,3558.0,3534.0,3545.0,474,3546.0,239,151549,5372545690.0,1260603
2020-03-17 09:06:39.535000000,3546.0,3558.0,3534.0,3545.0,484,3546.0,219,151595,5374176850.0,1260571
2020-03-17 09:06:40.035000000,3546.0,3558.0,3534.0,3546.0,62,3547.0,198,151847,5383112670.0,1260600
2020-03-17 09:06:40.538000000,3547.0,3558.0,3534.0,3546.0,92,3547.0,187,151865,5383750980.0,1260605
2020-03-17 09:06:41.036000000,3546.0,3558.0,3534.0,3546.0,44,3547.0,223,151977,5387722500.0,1260590
2020-03-17 09:06:41.535000000,3546.0,3558.0,3534.0,3546.0,5,3547.0,231,152074,5391161820.0,1260521
2020-03-17 09:06:42.030000000,3546.0,3558.0,3534.0,3545.0,471,3546.0,139,152082,5391445500.0,1260521
2020-03-17 09:06:42.531000000,3546.0,3558.0,3534.0,3545.0,473,3546.0,155,152085,5391551880.0,1260521
2020-03-17 09:06:43.035000000,3546.0,3558.0,3534.0,3544.0,189,3546.0,172,152589,5409418740.0,1260228
2020-03-17 09:06:43.528000000,3546.0,3558.0,3534.0,3545.0,9,3546.0,232,152593,5409560570.0,1260227
2020-03-17 09:06:44.030000000,3546.0,3558.0,3534.0,3545.0,1,3546.0,230,152615,5410340490.0,1260219
2020-03-17 09:06:44.536000000,3545.0,3558.0,3534.0,3545.0,21,3546.0,230,152622,5410588670.0,1260225
2020-03-17 09:06:45.028000000,3546.0,3558.0,3534.0,3545.0,38,3546.0,101,152773,5415943120.0,1260102
2020-03-17 09:06:45.530000000,3546.0,3558.0,3534.0,3546.0,56,3547.0,284,152855,5418850820.0,1260143
2020-03-17 09:06:46.030000000,3547.0,3558.0,3534.0,3545.0,224,3547.0,287,153045,5425588300.0,1260130
2020-03-17 09:06:46.529000000,3547.0,3558.0,3534.0,3545.0,226,3547.0,286,153056,5425978320.0,1260137
2020-03-17 09:06:47.035000000,3546.0,3558.0,3534.0,3545.0,410,3546.0,24,153172,5430092780.0,1260149
2020-03-17 09:06:47.529000000,3546.0,3558.0,3534.0,3546.0,100,3547.0,148,153277,5433816080.0,1260206
2020-03-17 09:06:48.036000000,3546.0,3558.0,3534.0,3546.0,130,3547.0,131,153395,5438000360.0,1260198
2020-03-17 09:06:48.527000000,3547.0,3558.0,3534.0,3546.0,134,3547.0,38,153504,5441866560.0,1260265
2020-03-17 09:06:49.026000000,3547.0,3558.0,3534.0,3546.0,86,3547.0,54,153622,5446050870.0,1260256
2020-03-17 09:06:49.523000000,3546.0,3558.0,3534.0,3546.0,127,3547.0,229,153659,5447362930.0,1260276
2020-03-17 09:06:50.024000000,3546.0,3558.0,3534.0,3546.0,80,3547.0,267,153664,5447540270.0,1260274
2020-03-17 09:06:50.516000000,3546.0,3558.0,3534.0,3545.0,444,3546.0,30,153746,5450447990.0,1260274
2020-03-17 09:06:51.036000000,3546.0,3558.0,3534.0,3545.0,383,3546.0,116,153771,5451334490.0,1260250
2020-03-17 09:06:51.536000000,3546.0,3558.0,3534.0,3545.0,385,3546.0,18,153876,5455057790.0,1260150
2020-03-17 09:06:52.033000000,3546.0,3558.0,3534.0,3545.0,5,3546.0,49,154309,5470408010.0,1260057
2020-03-17 09:06:52.520000000,3546.0,3558.0,3534.0,3544.0,158,3546.0,569,154355,5472038810.0,1260040
2020-03-17 09:06:53.014000000,3546.0,3558.0,3534.0,3544.0,303,3545.0,42,154424,5474485550.0,1260051
2020-03-17 09:06:53.532000000,3545.0,3558.0,3534.0,3544.0,337,3545.0,21,154445,5475230000.0,1260049
2020-03-17 09:06:54.031000000,3545.0,3558.0,3534.0,3544.0,335,3545.0,59,154467,5476009900.0,1260028
2020-03-17 09:06:54.536000000,3545.0,3558.0,3534.0,3544.0,353,3545.0,51,154475,5476293500.0,1260024
2020-03-17 09:06:55.035000000,3546.0,3558.0,3534.0,3545.0,204,3546.0,532,154567,5479555290.0,1260074
2020-03-17 09:06:55.500000000,3545.0,3558.0,3534.0,3545.0,168,3546.0,468,154625,5481611390.0,1260127
2020-03-17 09:06:56.019000000,3545.0,3558.0,3534.0,3545.0,233,3546.0,470,154627,5481682290.0,1260127
2020-03-17 09:06:56.532000000,3546.0,3558.0,3534.0,3545.0,52,3546.0,464,154829,5488843200.0,1260116
2020-03-17 09:06:57.032000000,3544.0,3558.0,3534.0,3544.0,359,3546.0,470,154987,5494444290.0,1260066
2020-03-17 09:06:57.535000000,3544.0,3558.0,3534.0,3544.0,362,3545.0,18,155019,5495578440.0,1260085
2020-03-17 09:06:58.038000000,3546.0,3558.0,3534.0,3546.0,160,3547.0,472,155567,5515009740.0,1260273
2020-03-17 09:06:58.526000000,3546.0,3558.0,3534.0,3546.0,185,3547.0,405,155573,5515222530.0,1260277
2020-03-17 09:06:59.034000000,3546.0,3558.0,3534.0,3546.0,197,3547.0,403,155575,5515293450.0,1260279
2020-03-17 09:06:59.537000000,3546.0,3558.0,3534.0,3546.0,93,3547.0,396,155687,5519265030.0,1260288
2020-03-17 09:07:00.034000000,3546.0,3558.0,3534.0,3546.0,61,3547.0,402,155725,5520612510.0,1260326
2020-03-17 09:07:00.536000000,3546.0,3558.0,3534.0,3545.0,292,3546.0,61,155779,5522527350.0,1260286
2020-03-17 09:07:01.035000000,3546.0,3558.0,3534.0,3546.0,33,3547.0,418,155955,5528768310.0,1260288
2020-03-17 09:07:01.529000000,3546.0,3558.0,3534.0,3546.0,52,3547.0,418,155962,5529016530.0,1260289
2020-03-17 09:07:02.033000000,3546.0,3558.0,3534.0,3545.0,335,3546.0,48,156029,5531392350.0,1260274
2020-03-17 09:07:02.508000000,3545.0,3558.0,3534.0,3545.0,329,3546.0,68,156045,5531959560.0,1260288
2020-03-17 09:07:03.035000000,3546.0,3558.0,3534.0,3545.0,323,3546.0,38,156250,5539228860.0,1260447
2020-03-17 09:07:03.535000000,3546.0,3558.0,3534.0,3545.0,365,3546.0,37,156259,5539548000.0,1260456
2020-03-17 09:07:04.034000000,3546.0,3558.0,3534.0,3545.0,359,3546.0,137,156275,5540115320.0,1260466
2020-03-17 09:07:04.532000000,3546.0,3558.0,3534.0,3545.0,365,3546.0,146,156281,5540328060.0,1260466
2020-03-17 09:07:05.037000000,3546.0,3558.0,3534.0,3545.0,367,3547.0,436,156423,5545363380.0,1260479
2020-03-17 09:07:05.526000000,3545.0,3558.0,3534.0,3545.0,157,3547.0,44,157053,5567704800.0,1260770
2020-03-17 09:07:06.034000000,3546.0,3558.0,3534.0,3546.0,157,3547.0,124,157062,5568023990.0,1260779
2020-03-17 09:07:06.526000000,3546.0,3558.0,3534.0,3546.0,227,3547.0,113,157068,5568236760.0,1260783
2020-03-17 09:07:07.035000000,3547.0,3558.0,3534.0,3547.0,83,3548.0,453,157205,5573096000.0,1260819
2020-03-17 09:07:07.537000000,3547.0,3558.0,3534.0,3547.0,18,3548.0,455,157316,5577033110.0,1260820
2020-03-17 09:07:08.037000000,3547.0,3558.0,3534.0,3546.0,226,3547.0,50,157353,5578345480.0,1260813
2020-03-17 09:07:08.534000000,3546.0,3558.0,3534.0,3546.0,231,3547.0,56,157359,5578558290.0,1260814
2020-03-17 09:07:09.036000000,3547.0,3558.0,3534.0,3546.0,231,3547.0,50,157370,5578948460.0,1260810
2020-03-17 09:07:09.534000000,3547.0,3558.0,3534.0,3546.0,231,3547.0,29,157396,5579870530.0,1260818
2020-03-17 09:07:10.036000000,3547.0,3558.0,3534.0,3546.0,251,3547.0,33,157406,5580225210.0,1260818
2020-03-17 09:07:10.535000000,3546.0,3558.0,3534.0,3546.0,260,3547.0,23,157442,5581502010.0,1260803
2020-03-17 09:07:11.036000000,3547.0,3558.0,3534.0,3547.0,103,3548.0,425,157558,5585616450.0,1260805
2020-03-17 09:07:11.536000000,3547.0,3558.0,3534.0,3546.0,212,3547.0,10,157662,5589305330.0,1260805
2020-03-17 09:07:12.031000000,3546.0,3558.0,3534.0,3546.0,241,3547.0,109,157688,5590227420.0,1260782
2020-03-17 09:07:12.537000000,3546.0,3558.0,3534.0,3546.0,228,3547.0,170,157700,5590652960.0,1260772
2020-03-17 09:07:13.035000000,3546.0,3558.0,3534.0,3546.0,211,3547.0,173,157713,5591113950.0,1260762
2020-03-17 09:07:13.534000000,3546.0,3558.0,3534.0,3546.0,186,3547.0,175,157725,5591539480.0,1260751
2020-03-17 09:07:14.036000000,3547.0,3558.0,3534.0,3546.0,258,3547.0,174,157756,5592638940.0,1260739
2020-03-17 09:07:14.535000000,3546.0,3558.0,3534.0,3546.0,239,3547.0,167,157785,5593667310.0,1260745
2020-03-17 09:07:15.038000000,3547.0,3558.0,3534.0,3546.0,204,3547.0,166,157833,5595369410.0,1260759
2020-03-17 09:07:15.521000000,3547.0,3558.0,3534.0,3546.0,203,3547.0,168,157861,5596362350.0,1260757
2020-03-17 09:07:16.037000000,3546.0,3558.0,3534.0,3546.0,194,3547.0,24,158031,5602392150.0,1260814
2020-03-17 09:07:16.536000000,3547.0,3558.0,3534.0,3547.0,82,3548.0,530,158078,5604058970.0,1260818
2020-03-17 09:07:17.036000000,3547.0,3558.0,3534.0,3546.0,203,3547.0,98,158160,5606967510.0,1260818
2020-03-17 09:07:17.532000000,3546.0,3558.0,3534.0,3546.0,183,3547.0,33,158272,5610940040.0,1260818
2020-03-17 09:07:18.031000000,3546.0,3558.0,3534.0,3546.0,196,3547.0,176,158276,5611081900.0,1260818
2020-03-17 09:07:18.536000000,3547.0,3558.0,3534.0,3546.0,151,3547.0,120,158388,5615054500.0,1260916
2020-03-17 09:07:19.029000000,3546.0,3558.0,3534.0,3545.0,204,3546.0,2,158745,5627714700.0,1260879
2020-03-17 09:07:19.536000000,3547.0,3558.0,3534.0,3545.0,186,3547.0,108,158811,5630055130.0,1260877
2020-03-17 09:07:20.034000000,3547.0,3558.0,3534.0,3546.0,21,3547.0,134,158927,5634169650.0,1260905
2020-03-17 09:07:20.534000000,3546.0,3558.0,3534.0,3545.0,551,3546.0,23,158978,5635978110.0,1260886
2020-03-17 09:07:21.037000000,3547.0,3558.0,3534.0,3546.0,100,3547.0,193,159007,5637006510.0,1260908
2020-03-17 09:07:21.525000000,3546.0,3558.0,3534.0,3546.0,75,3547.0,199,159111,5640694370.0,1260912
2020-03-17 09:07:22.037000000,3546.0,3558.0,3534.0,3545.0,574,3546.0,593,159220,5644559510.0,1260842
2020-03-17 09:07:22.511000000,3546.0,3558.0,3534.0,3545.0,546,3546.0,566,159263,5646084290.0,1260841
2020-03-17 09:07:23.034000000,3546.0,3558.0,3534.0,3545.0,547,3546.0,574,159277,5646580730.0,1260831
2020-03-17 09:07:23.532000000,3545.0,3558.0,3534.0,3545.0,538,3546.0,628,159295,5647219000.0,1260816
2020-03-17 09:07:24.031000000,3546.0,3558.0,3534.0,3544.0,274,3546.0,625,159839,5666503830.0,1261078
2020-03-17 09:07:24.531000000,3546.0,3558.0,3534.0,3544.0,243,3546.0,640,159892,5668383090.0,1261080
2020-03-17 09:07:25.032000000,3546.0,3558.0,3534.0,3544.0,247,3545.0,13,159893,5668418550.0,1261080
2020-03-17 09:07:25.538000000,3545.0,3558.0,3534.0,3544.0,349,3545.0,14,159899,5668631200.0,1261084
2020-03-17 09:07:26.021000000,3545.0,3558.0,3534.0,3544.0,349,3545.0,7,159906,5668879350.0,1261077
2020-03-17 09:07:26.533000000,3544.0,3558.0,3534.0,3544.0,312,3545.0,6,159955,5670615990.0,1261084
2020-03-17 09:07:27.036000000,3545.0,3558.0,3534.0,3544.0,327,3545.0,4,159957,5670686880.0,1261086
2020-03-17 09:07:27.538000000,3545.0,3558.0,3534.0,3545.0,4,3546.0,378,160277,5682033770.0,1260803
2020-03-17 09:07:28.035000000,3545.0,3558.0,3534.0,3545.0,33,3546.0,385,160317,5683451770.0,1260798
2020-03-17 09:07:28.530000000,3546.0,3558.0,3534.0,3545.0,15,3546.0,112,160679,5696287250.0,1260786
2020-03-17 09:07:29.035000000,3545.0,3558.0,3534.0,3545.0,301,3546.0,93,160682,5696393600.0,1260784
2020-03-17 09:07:29.534000000,3546.0,3558.0,3534.0,3546.0,123,3547.0,355,160763,5699265840.0,1260800
2020-03-17 09:07:30.034000000,3546.0,3558.0,3534.0,3546.0,112,3547.0,368,160778,5699797740.0,1260815
2020-03-17 09:07:30.508000000,3546.0,3558.0,3534.0,3546.0,113,3547.0,372,160780,5699868660.0,1260817
2020-03-17 09:07:31.035000000,3546.0,3558.0,3534.0,3546.0,104,3547.0,372,160793,5700329640.0,1260830
2020-03-17 09:07:31.536000000,3546.0,3558.0,3534.0,3546.0,98,3547.0,371,160800,5700577860.0,1260836
2020-03-17 09:07:32.031000000,3546.0,3558.0,3534.0,3546.0,53,3547.0,374,160850,5702350860.0,1260837
2020-03-17 09:07:32.515000000,3546.0,3558.0,3534.0,3546.0,103,3547.0,374,160901,5704159320.0,1260833
2020-03-17 09:07:33.029000000,3546.0,3558.0,3534.0,3546.0,69,3547.0,380,160936,5705400420.0,1260811
2020-03-17 09:07:33.535000000,3546.0,3558.0,3534.0,3545.0,558,3546.0,48,161027,5708627280.0,1260747
2020-03-17 09:07:34.036000000,3545.0,3558.0,3534.0,3545.0,572,3546.0,16,161080,5710506640.0,1260698
2020-03-17 09:07:34.530000000,3547.0,3558.0,3534.0,3546.0,3,3547.0,472,161109,5711535110.0,1260689
2020-03-17 09:07:35.030000000,3545.0,3558.0,3534.0,3545.0,556,3546.0,6,161137,5712527840.0,1260700
2020-03-17 09:07:35.536000000,3546.0,3558.0,3534.0,3545.0,569,3546.0,72,161179,5714017110.0,1260684
2020-03-17 09:07:36.033000000,3546.0,3558.0,3534.0,3545.0,581,3546.0,160,161192,5714478090.0,1260684
2020-03-17 09:07:36.524000000,3546.0,3558.0,3534.0,3545.0,577,3546.0,40,161347,5719974390.0,1260687
2020-03-17 09:07:37.036000000,3546.0,3558.0,3534.0,3545.0,567,3546.0,25,161359,5720399810.0,1260685
2020-03-17 09:07:37.538000000,3546.0,3558.0,3534.0,3545.0,568,3546.0,23,161370,5720789870.0,1260690
2020-03-17 09:07:38.037000000,3546.0,3558.0,3534.0,3546.0,89,3547.0,505,161393,5721605450.0,1260687
2020-03-17 09:07:38.538000000,3545.0,3558.0,3534.0,3545.0,557,3546.0,1,161488,5724974090.0,1260597
2020-03-17 09:07:39.035000000,3547.0,3558.0,3534.0,3546.0,4,3547.0,506,161491,5725080490.0,1260597
2020-03-17 09:07:39.534000000,3546.0,3558.0,3534.0,3546.0,11,3547.0,512,161494,5725186870.0,1260597
2020-03-17 09:07:40.033000000,3546.0,3558.0,3534.0,3545.0,552,3546.0,139,161516,5725966990.0,1260588
2020-03-17 09:07:40.536000000,3546.0,3558.0,3534.0,3545.0,543,3546.0,123,161566,5727739690.0,1260568
2020-03-17 09:07:41.038000000,3546.0,3558.0,3534.0,3545.0,543,3546.0,224,161570,5727881530.0,1260567
2020-03-17 09:07:41.536000000,3546.0,3558.0,3534.0,3545.0,530,3546.0,286,161573,5727987910.0,1260567
2020-03-17 09:07:42.033000000,3545.0,3558.0,3534.0,3545.0,529,3546.0,287,161574,5728023360.0,1260567
2020-03-17 09:07:42.537000000,3546.0,3558.0,3534.0,3545.0,511,3546.0,309,161593,5728696930.0,1260555
2020-03-17 09:07:43.018000000,3545.0,3558.0,3534.0,3545.0,464,3546.0,280,161632,5730079780.0,1260555
2020-03-17 09:07:43.537000000,3546.0,3558.0,3534.0,3545.0,469,3546.0,268,161645,5730540760.0,1260547
2020-03-17 09:07:44.037000000,3546.0,3558.0,3534.0,3545.0,471,3546.0,271,161647,5730611670.0,1260547
2020-03-17 09:07:44.525000000,3546.0,3558.0,3534.0,3545.0,559,3546.0,274,161648,5730647130.0,1260546
2020-03-17 09:07:45.017000000,3545.0,3558.0,3534.0,3545.0,558,3546.0,273,161658,5731001640.0,1260537
2020-03-17 09:07:45.528000000,3546.0,3558.0,3534.0,3545.0,559,3546.0,294,161664,5731214390.0,1260533
2020-03-17 09:07:46.035000000,3545.0,3558.0,3534.0,3545.0,510,3546.0,301,161714,5732986890.0,1260571
2020-03-17 09:07:46.529000000,3545.0,3558.0,3534.0,3545.0,480,3546.0,306,161728,5733483190.0,1260585
2020-03-17 09:07:47.028000000,3545.0,3558.0,3534.0,3545.0,466,3546.0,310,161736,5733766790.0,1260590
2020-03-17 09:07:47.538000000,3545.0,3558.0,3534.0,3545.0,462,3546.0,304,161747,5734156790.0,1260595
2020-03-17 09:07:48.038000000,3546.0,3558.0,3534.0,3545.0,437,3546.0,302,161774,5735113960.0,1260620
2020-03-17 09:07:48.535000000,3545.0,3558.0,3534.0,3545.0,456,3546.0,324,161784,5735468550.0,1260621
2020-03-17 09:07:49.035000000,3546.0,3558.0,3534.0,3544.0,560,3546.0,314,162252,5752059270.0,1260396
2020-03-17 09:07:49.527000000,3545.0,3558.0,3534.0,3544.0,566,3545.0,1,162264,5752484670.0,1260389
2020-03-17 09:07:50.028000000,3546.0,3558.0,3534.0,3544.0,604,3546.0,320,162267,5752591050.0,1260388
2020-03-17 09:07:50.518000000,3545.0,3558.0,3534.0,3544.0,604,3546.0,322,162268,5752626500.0,1260388
2020-03-17 09:07:51.028000000,3544.0,3558.0,3534.0,3545.0,1,3546.0,318,162318,5754398500.0,1260416
2020-03-17 09:07:51.538000000,3546.0,3558.0,3534.0,3545.0,13,3546.0,322,162334,5754965790.0,1260403
2020-03-17 09:07:52.022000000,3545.0,3558.0,3534.0,3545.0,166,3546.0,322,162352,5755603920.0,1260400
2020-03-17 09:07:52.501000000,3545.0,3558.0,3534.0,3545.0,237,3546.0,321,162353,5755639370.0,1260399
2020-03-17 09:07:53.021000000,3546.0,3558.0,3534.0,3545.0,237,3546.0,318,162355,5755710290.0,1260398
2020-03-17 09:07:53.507000000,3545.0,3558.0,3534.0,3545.0,241,3546.0,308,162356,5755745740.0,1260398
2020-03-17 09:07:54.035000000,3545.0,3558.0,3534.0,3545.0,251,3546.0,293,162378,5756525650.0,1260397
2020-03-17 09:07:54.530000000,3546.0,3558.0,3534.0,3545.0,267,3546.0,286,162384,5756738410.0,1260397
2020-03-17 09:07:55.035000000,3545.0,3558.0,3534.0,3545.0,266,3546.0,330,162394,5757093000.0,1260398
2020-03-17 09:07:55.528000000,3545.0,3558.0,3534.0,3545.0,260,3546.0,131,162613,5764858560.0,1260289
2020-03-17 09:07:56.019000000,3546.0,3558.0,3534.0,3546.0,239,3547.0,521,162771,5770461240.0,1260311
2020-03-17 09:07:56.537000000,3546.0,3558.0,3534.0,3546.0,214,3547.0,501,162834,5772695220.0,1260301
2020-03-17 09:07:57.034000000,3546.0,3558.0,3534.0,3545.0,261,3546.0,1,163059,5780673630.0,1260120
2020-03-17 09:07:57.537000000,3545.0,3558.0,3534.0,3545.0,27,3546.0,84,163297,5789110750.0,1259987
2020-03-17 09:07:58.024000000,3544.0,3558.0,3534.0,3544.0,516,3545.0,238,163379,5792017150.0,1259991
2020-03-17 09:07:58.538000000,3545.0,3558.0,3534.0,3544.0,464,3545.0,249,163391,5792442550.0,1259991
2020-03-17 09:07:59.038000000,3545.0,3558.0,3534.0,3544.0,464,3545.0,275,163391,5792442550.0,1259991
2020-03-17 09:07:59.534000000,3545.0,3558.0,3534.0,3544.0,470,3545.0,264,163403,5792867950.0,1259992
2020-03-17 09:08:00.033000000,3545.0,3558.0,3534.0,3544.0,486,3545.0,228,163403,5792867950.0,1259992
2020-03-17 09:08:00.535000000,3544.0,3558.0,3534.0,3544.0,459,3545.0,138,163530,5797369670.0,1260031
2020-03-17 09:08:01.034000000,3544.0,3558.0,3534.0,3544.0,379,3545.0,1,163763,5805628670.0,1260105
2020-03-17 09:08:01.534000000,3545.0,3558.0,3534.0,3545.0,26,3546.0,375,163769,5805841370.0,1260104
2020-03-17 09:08:02.028000000,3545.0,3558.0,3534.0,3544.0,389,3545.0,169,163831,5808039270.0,1260090
2020-03-17 09:08:02.534000000,3545.0,3558.0,3534.0,3544.0,390,3545.0,172,163848,5808641920.0,1260088
2020-03-17 09:08:03.029000000,3545.0,3558.0,3534.0,3544.0,388,3545.0,171,163850,5808712820.0,1260087
2020-03-17 09:08:03.528000000,3544.0,3558.0,3534.0,3544.0,152,3545.0,248,164073,5816616160.0,1260246
2020-03-17 09:08:04.034000000,3544.0,3558.0,3534.0,3543.0,548,3544.0,110,164262,5823314410.0,1260239
2020-03-17 09:08:04.524000000,3544.0,3558.0,3534.0,3543.0,442,3544.0,256,164270,5823597920.0,1260239
2020-03-17 09:08:05.004000000,3544.0,3558.0,3534.0,3543.0,442,3544.0,317,164271,5823633360.0,1260239
2020-03-17 09:08:05.532000000,3543.0,3558.0,3534.0,3543.0,388,3544.0,321,164281,5823987660.0,1260239
2020-03-17 09:08:06.037000000,3543.0,3558.0,3534.0,3543.0,382,3544.0,322,164288,5824235680.0,1260238
2020-03-17 09:08:06.525000000,3544.0,3558.0,3534.0,3542.0,845,3543.0,1,164669,5837734550.0,1259942
2020-03-17 09:08:07.035000000,3543.0,3558.0,3534.0,3542.0,847,3543.0,69,164764,5841100400.0,1259960
2020-03-17 09:08:07.535000000,3543.0,3558.0,3534.0,3542.0,852,3543.0,46,164856,5844359960.0,1260039
2020-03-17 09:08:08.028000000,3542.0,3558.0,3534.0,3542.0,850,3543.0,68,164872,5844926720.0,1260043
2020-03-17 09:08:08.538000000,3542.0,3558.0,3534.0,3542.0,760,3543.0,72,164975,5848574980.0,1259956
2020-03-17 09:08:09.036000000,3542.0,3558.0,3534.0,3542.0,775,3543.0,80,165086,5852507600.0,1259919
2020-03-17 09:08:09.538000000,3542.0,3558.0,3534.0,3542.0,683,3543.0,75,165199,5856510180.0,1259844
2020-03-17 09:08:10.037000000,3542.0,3558.0,3534.0,3542.0,739,3543.0,96,165243,5858068690.0,1259844
2020-03-17 09:08:10.523000000,3542.0,3558.0,3534.0,3542.0,738,3543.0,149,165247,5858210370.0,1259842
2020-03-17 09:08:11.019000000,3542.0,3558.0,3534.0,3542.0,730,3543.0,149,165260,5858670840.0,1259840
2020-03-17 09:08:11.522000000,3543.0,3558.0,3534.0,3542.0,730,3543.0,141,165276,5859237670.0,1259829
2020-03-17 09:08:12.034000000,3542.0,3558.0,3534.0,3542.0,729,3543.0,164,165298,5860016920.0,1259817
2020-03-17 09:08:12.532000000,3543.0,3558.0,3534.0,3542.0,705,3543.0,164,165320,5860796170.0,1259798
2020-03-17 09:08:13.034000000,3543.0,3558.0,3534.0,3542.0,686,3543.0,314,165339,5861469220.0,1259795
2020-03-17 09:08:13.529000000,3542.0,3558.0,3534.0,3542.0,675,3543.0,309,165351,5861894370.0,1259784
2020-03-17 09:08:14.035000000,3542.0,3558.0,3534.0,3542.0,615,3543.0,304,165418,5864267580.0,1259782
2020-03-17 09:08:14.536000000,3542.0,3558.0,3534.0,3542.0,572,3543.0,331,165428,5864621800.0,1259778
2020-03-17 09:08:15.012000000,3543.0,3558.0,3534.0,3542.0,565,3543.0,321,165446,5865259470.0,1259776
2020-03-17 09:08:15.538000000,3543.0,3558.0,3534.0,3542.0,570,3543.0,386,165451,5865436590.0,1259778
2020-03-17 09:08:16.000000000,3543.0,3558.0,3534.0,3542.0,580,3543.0,384,165470,5866109590.0,1259779
2020-03-17 09:08:16.515000000,3543.0,3558.0,3534.0,3542.0,567,3543.0,380,165477,5866357560.0,1259780
2020-03-17 09:08:17.024000000,3543.0,3558.0,3534.0,3542.0,558,3543.0,351,165525,5868058170.0,1259810
2020-03-17 09:08:17.523000000,3543.0,3558.0,3534.0,3543.0,2,3544.0,311,165870,5880281520.0,1259944
2020-03-17 09:08:18.033000000,3543.0,3558.0,3534.0,3543.0,97,3544.0,262,165882,5880706680.0,1259943
2020-03-17 09:08:18.525000000,3543.0,3558.0,3534.0,3542.0,612,3543.0,41,166094,5888217820.0,1259903
