datetime,KQ.m@SHFE.rb.last_price,KQ.m@SHFE.rb.highest,KQ.m@SHFE.rb.lowest,KQ.m@SHFE.rb.bid_price1,KQ.m@SHFE.rb.bid_volume1,KQ.m@SHFE.rb.ask_price1,KQ.m@SHFE.rb.ask_volume1,KQ.m@SHFE.rb.volume,KQ.m@SHFE.rb.amount,KQ.m@SHFE.rb.open_interest
2020-03-12 09:00:00.514000000,3497.0,3497.0,3496.0,3496.0,534,3497.0,232,4855,169779250.0,1426388
2020-03-12 09:00:01.015000000,3498.0,3500.0,3496.0,3497.0,189,3498.0,7,6073,212385240.0,1426776
2020-03-12 09:00:01.514000000,3500.0,3500.0,3496.0,3498.0,1381,3500.0,112,6993,244575310.0,1427201
2020-03-12 09:00:02.013000000,3500.0,3505.0,3496.0,3500.0,29,3502.0,7,8706,304544520.0,1427092
2020-03-12 09:00:02.514000000,3502.0,3505.0,3496.0,3501.0,42,3502.0,36,9552,334163760.0,1427299
2020-03-12 09:00:03.012000000,3503.0,3505.0,3496.0,3502.0,139,3503.0,20,9953,348207280.0,1427442
2020-03-12 09:00:03.512001000,3503.0,3505.0,3496.0,3503.0,280,3504.0,8,10539,368734930.0,1427767
2020-03-12 09:00:04.015000000,3505.0,3505.0,3496.0,3503.0,175,3505.0,962,10964,383626150.0,1427796
2020-03-12 09:00:04.514000000,3504.0,3505.0,3496.0,3503.0,184,3504.0,99,11449,400618890.0,1427792
2020-03-12 09:00:05.012000000,3503.0,3505.0,3496.0,3503.0,2,3504.0,75,12122,424194510.0,1427632
2020-03-12 09:00:05.512000000,3502.0,3505.0,3496.0,3502.0,434,3503.0,216,12445,435508050.0,1427756
2020-03-12 09:00:06.009000000,3503.0,3505.0,3496.0,3502.0,236,3503.0,150,13148,460132990.0,1427522
2020-03-12 09:00:06.513000000,3502.0,3505.0,3496.0,3502.0,84,3503.0,19,13580,475263930.0,1427457
2020-03-12 09:00:07.000000000,3504.0,3505.0,3496.0,3502.0,23,3504.0,16,13807,483215680.0,1427491
2020-03-12 09:00:07.513001000,3502.0,3505.0,3496.0,3502.0,76,3503.0,15,13928,487453600.0,1427530
2020-03-12 09:00:08.011000000,3501.0,3505.0,3496.0,3501.0,63,3502.0,143,14402,504053600.0,1427708
2020-03-12 09:00:08.513000000,3502.0,3505.0,3496.0,3501.0,15,3502.0,373,14689,514102580.0,1427630
2020-03-12 09:00:09.014000000,3501.0,3505.0,3496.0,3499.0,162,3501.0,879,15193,531743140.0,1427461
2020-03-12 09:00:09.514000000,3498.0,3505.0,3496.0,3498.0,2231,3499.0,7,15643,547487410.0,1427446
2020-03-12 09:00:10.014000000,3501.0,3505.0,3496.0,3500.0,94,3501.0,367,16242,568449510.0,1427764
2020-03-12 09:00:10.515000000,3498.0,3505.0,3496.0,3498.0,1692,3500.0,407,16602,581048950.0,1427713
2020-03-12 09:00:11.011000000,3498.0,3505.0,3496.0,3498.0,1460,3499.0,47,17182,601339060.0,1427595
2020-03-12 09:00:11.514000000,3499.0,3505.0,3496.0,3499.0,269,3500.0,426,17617,616560460.0,1427674
2020-03-12 09:00:12.013000000,3499.0,3505.0,3496.0,3501.0,3,3502.0,966,18471,646453980.0,1428243
2020-03-12 09:00:12.513000000,3500.0,3505.0,3496.0,3500.0,41,3501.0,23,18670,653419510.0,1428228
2020-03-12 09:00:13.012000000,3500.0,3505.0,3496.0,3500.0,150,3501.0,20,19188,671556080.0,1428261
2020-03-12 09:00:13.515000000,3501.0,3505.0,3496.0,3501.0,370,3502.0,790,19713,689938540.0,1428478
2020-03-12 09:00:14.014000000,3502.0,3505.0,3496.0,3502.0,2,3503.0,510,20569,719915280.0,1429064
2020-03-12 09:00:14.513000000,3501.0,3505.0,3496.0,3501.0,386,3502.0,40,20959,733574480.0,1429138
2020-03-12 09:00:15.011000000,3503.0,3505.0,3496.0,3502.0,698,3503.0,291,21138,739843900.0,1429198
2020-03-12 09:00:15.514000000,3504.0,3505.0,3496.0,3503.0,61,3504.0,233,21513,752980190.0,1429132
2020-03-12 09:00:16.011000000,3504.0,3505.0,3496.0,3502.0,233,3504.0,166,21758,761563480.0,1429084
2020-03-12 09:00:16.515000000,3503.0,3505.0,3496.0,3503.0,29,3504.0,185,21967,768884120.0,1429190
2020-03-12 09:00:17.015000000,3503.0,3505.0,3496.0,3503.0,29,3504.0,150,22317,781145160.0,1429116
2020-03-12 09:00:17.512000000,3503.0,3505.0,3496.0,3503.0,45,3504.0,185,22654,792950160.0,1429239
2020-03-12 09:00:18.009000000,3503.0,3505.0,3496.0,3502.0,215,3503.0,311,22858,800096010.0,1429178
2020-03-12 09:00:18.513000000,3502.0,3505.0,3496.0,3503.0,80,3504.0,92,23582,825458540.0,1429402
2020-03-12 09:00:19.009000000,3503.0,3505.0,3496.0,3503.0,320,3504.0,21,23748,831274820.0,1429411
2020-03-12 09:00:19.515000000,3504.0,3505.0,3496.0,3504.0,293,3505.0,951,23943,838108630.0,1429582
2020-03-12 09:00:20.014000000,3505.0,3505.0,3496.0,3504.0,215,3505.0,854,24249,848831820.0,1429598
2020-03-12 09:00:20.513000000,3504.0,3505.0,3496.0,3504.0,286,3505.0,869,24398,854053060.0,1429639
2020-03-12 09:00:21.009000000,3505.0,3505.0,3496.0,3504.0,152,3505.0,744,24789,867755120.0,1429546
2020-03-12 09:00:21.512000000,3504.0,3505.0,3496.0,3503.0,464,3504.0,270,25052,876970820.0,1429600
2020-03-12 09:00:22.013000000,3503.0,3505.0,3496.0,3501.0,467,3503.0,99,26248,918858670.0,1428948
2020-03-12 09:00:22.514000000,3503.0,3505.0,3496.0,3502.0,2,3503.0,353,26388,923761760.0,1428924
2020-03-12 09:00:23.014000000,3502.0,3505.0,3496.0,3501.0,488,3502.0,72,26457,926178070.0,1428927
2020-03-12 09:00:23.515000000,3502.0,3505.0,3496.0,3501.0,475,3502.0,104,26522,928454060.0,1428900
2020-03-12 09:00:24.008000000,3501.0,3505.0,3496.0,3500.0,243,3502.0,196,26994,944979150.0,1428908
2020-03-12 09:00:24.512000000,3502.0,3505.0,3496.0,3500.0,160,3501.0,2,27637,967494430.0,1428585
2020-03-12 09:00:25.009000000,3500.0,3505.0,3496.0,3501.0,50,3502.0,80,27698,969630330.0,1428561
2020-03-12 09:00:25.515000000,3501.0,3505.0,3496.0,3501.0,181,3502.0,131,27792,972921310.0,1428547
2020-03-12 09:00:26.013000000,3501.0,3505.0,3496.0,3501.0,143,3502.0,129,27886,976212370.0,1428569
2020-03-12 09:00:26.514000000,3501.0,3505.0,3496.0,3501.0,420,3502.0,118,28003,980308710.0,1428570
2020-03-12 09:00:27.012000000,3502.0,3505.0,3496.0,3502.0,114,3503.0,272,28180,986507260.0,1428637
2020-03-12 09:00:27.512000000,3503.0,3505.0,3496.0,3503.0,278,3504.0,533,28993,1014978830.0,1428423
2020-03-12 09:00:28.013000000,3503.0,3505.0,3496.0,3503.0,20,3504.0,552,29259,1024296820.0,1428571
2020-03-12 09:00:28.514000000,3503.0,3505.0,3496.0,3502.0,101,3503.0,72,29430,1030286450.0,1428602
2020-03-12 09:00:29.014000000,3503.0,3505.0,3496.0,3503.0,34,3504.0,499,29797,1043142800.0,1428580
2020-03-12 09:00:29.512000000,3504.0,3505.0,3496.0,3504.0,7,3505.0,510,30721,1075522810.0,1428807
2020-03-12 09:00:30.014000000,3505.0,3505.0,3496.0,3505.0,44,3506.0,965,31216,1092872540.0,1429102
2020-03-12 09:00:30.512000000,3505.0,3507.0,3496.0,3505.0,94,3507.0,599,32407,1134628340.0,1429373
2020-03-12 09:00:31.011000000,3506.0,3507.0,3496.0,3506.0,337,3507.0,484,32594,1141186220.0,1429509
2020-03-12 09:00:31.513000000,3507.0,3508.0,3496.0,3507.0,394,3508.0,241,33293,1165700190.0,1429965
2020-03-12 09:00:32.014000000,3507.0,3509.0,3496.0,3507.0,51,3509.0,131,34424,1205374050.0,1429835
2020-03-12 09:00:32.514000000,3507.0,3509.0,3496.0,3507.0,277,3509.0,211,34618,1212179930.0,1429893
2020-03-12 09:00:33.010000000,3509.0,3509.0,3496.0,3507.0,209,3509.0,236,34855,1220492680.0,1429869
2020-03-12 09:00:33.514000000,3507.0,3509.0,3496.0,3506.0,473,3507.0,195,35395,1239433520.0,1430066
2020-03-12 09:00:34.011000000,3507.0,3509.0,3496.0,3506.0,356,3507.0,165,35478,1242344280.0,1430133
2020-03-12 09:00:34.512000000,3506.0,3509.0,3496.0,3507.0,2,3508.0,35,35688,1249709010.0,1430264
2020-03-12 09:00:35.000000000,3507.0,3509.0,3496.0,3506.0,381,3507.0,342,36000,1260651070.0,1430323
2020-03-12 09:00:35.513000000,3506.0,3509.0,3496.0,3506.0,132,3507.0,388,36339,1272537290.0,1430226
2020-03-12 09:00:36.009000000,3506.0,3509.0,3496.0,3505.0,281,3506.0,207,36648,1283370720.0,1430164
2020-03-12 09:00:36.512000000,3505.0,3509.0,3496.0,3504.0,279,3505.0,14,37048,1297390720.0,1429986
2020-03-12 09:00:37.008000000,3505.0,3509.0,3496.0,3504.0,229,3505.0,169,37248,1304400150.0,1430006
2020-03-12 09:00:37.514000000,3505.0,3509.0,3496.0,3505.0,51,3506.0,152,37860,1325853760.0,1430134
2020-03-12 09:00:38.008000000,3505.0,3509.0,3496.0,3505.0,65,3506.0,232,38131,1335352910.0,1430158
2020-03-12 09:00:38.515000000,3505.0,3509.0,3496.0,3504.0,427,3505.0,42,38800,1358803840.0,1430154
2020-03-12 09:00:39.012000000,3506.0,3509.0,3496.0,3504.0,229,3505.0,4,39291,1376011380.0,1430046
2020-03-12 09:00:39.512000000,3506.0,3509.0,3496.0,3505.0,14,3506.0,82,39496,1383196620.0,1430209
2020-03-12 09:00:40.013000000,3506.0,3509.0,3496.0,3505.0,75,3506.0,100,39995,1400688200.0,1430271
2020-03-12 09:00:40.515000000,3505.0,3509.0,3496.0,3504.0,244,3505.0,141,40257,1409870750.0,1430280
2020-03-12 09:00:41.008000000,3505.0,3509.0,3496.0,3504.0,125,3505.0,30,40591,1421576250.0,1430153
2020-03-12 09:00:41.512000000,3505.0,3509.0,3496.0,3504.0,53,3505.0,307,40731,1426481960.0,1430100
2020-03-12 09:00:42.014000000,3504.0,3509.0,3496.0,3503.0,282,3504.0,101,40924,1433244590.0,1430203
2020-03-12 09:00:42.512000000,3505.0,3509.0,3496.0,3504.0,20,3505.0,326,41164,1441655010.0,1430215
2020-03-12 09:00:43.011000000,3504.0,3509.0,3496.0,3503.0,352,3504.0,102,41315,1446946240.0,1430203
2020-03-12 09:00:43.514000000,3505.0,3509.0,3496.0,3504.0,16,3505.0,372,41576,1456091160.0,1430262
2020-03-12 09:00:44.010000000,3505.0,3509.0,3496.0,3504.0,86,3505.0,198,41810,1464292230.0,1430237
2020-03-12 09:00:44.515000000,3504.0,3509.0,3496.0,3504.0,266,3505.0,2,42008,1471232160.0,1430398
2020-03-12 09:00:45.012000000,3504.0,3509.0,3496.0,3504.0,24,3506.0,30,42797,1498886910.0,1430705
2020-03-12 09:00:45.513000000,3505.0,3509.0,3496.0,3505.0,212,3506.0,200,42947,1504144410.0,1430728
2020-03-12 09:00:46.014000000,3505.0,3509.0,3496.0,3504.0,324,3505.0,10,43245,1514589830.0,1430685
2020-03-12 09:00:46.512000000,3505.0,3509.0,3496.0,3505.0,369,3506.0,45,43299,1516482560.0,1430665
2020-03-12 09:00:47.015000000,3505.0,3509.0,3496.0,3506.0,55,3507.0,817,43530,1524579690.0,1430603
2020-03-12 09:00:47.514000000,3506.0,3509.0,3496.0,3506.0,103,3507.0,837,43817,1534640730.0,1430585
2020-03-12 09:00:48.012000000,3506.0,3509.0,3496.0,3506.0,86,3507.0,850,43878,1536779540.0,1430613
2020-03-12 09:00:48.512000000,3506.0,3509.0,3496.0,3506.0,83,3507.0,769,43996,1540917430.0,1430595
2020-03-12 09:00:49.010000000,3506.0,3509.0,3496.0,3506.0,198,3507.0,607,44220,1548773020.0,1430561
2020-03-12 09:00:49.513000000,3506.0,3509.0,3496.0,3506.0,201,3507.0,130,44689,1565220610.0,1430442
2020-03-12 09:00:50.015000000,3507.0,3509.0,3496.0,3507.0,34,3508.0,347,44954,1574513850.0,1430403
2020-03-12 09:00:50.511000000,3507.0,3509.0,3496.0,3507.0,118,3508.0,274,45022,1576898880.0,1430428
2020-03-12 09:00:51.015000000,3508.0,3509.0,3496.0,3507.0,222,3508.0,214,45053,1577986070.0,1430423
2020-03-12 09:00:51.512000000,3508.0,3509.0,3496.0,3507.0,193,3508.0,122,45200,1583142200.0,1430414
2020-03-12 09:00:52.013000000,3508.0,3509.0,3496.0,3507.0,102,3508.0,12,45500,1593665070.0,1430552
2020-03-12 09:00:52.513000000,3507.0,3509.0,3496.0,3507.0,242,3508.0,24,45579,1596436210.0,1430532
2020-03-12 09:00:53.009000000,3508.0,3509.0,3496.0,3508.0,28,3509.0,494,45680,1599979270.0,1430453
2020-03-12 09:00:53.515000000,3508.0,3509.0,3496.0,3507.0,240,3509.0,496,45884,1607135900.0,1430430
2020-03-12 09:00:54.010000000,3508.0,3509.0,3496.0,3508.0,35,3509.0,471,45988,1610783830.0,1430451
2020-03-12 09:00:54.512000000,3508.0,3509.0,3496.0,3508.0,28,3509.0,38,46549,1630468090.0,1430235
2020-03-12 09:00:55.012000000,3509.0,3509.0,3496.0,3509.0,97,3510.0,564,46752,1637590560.0,1430286
2020-03-12 09:00:55.514000000,3509.0,3509.0,3496.0,3508.0,172,3509.0,15,46934,1643976740.0,1430287
2020-03-12 09:00:56.012000000,3509.0,3509.0,3496.0,3508.0,138,3509.0,112,47102,1649871060.0,1430312
2020-03-12 09:00:56.514000000,3508.0,3509.0,3496.0,3507.0,3,3508.0,46,47688,1670425140.0,1430105
2020-03-12 09:00:57.015000000,3508.0,3509.0,3496.0,3506.0,10,3508.0,336,48087,1684415210.0,1430061
2020-03-12 09:00:57.512000000,3507.0,3509.0,3496.0,3505.0,367,3507.0,775,48222,1689149510.0,1429995
2020-03-12 09:00:58.014000000,3507.0,3509.0,3496.0,3505.0,365,3507.0,782,48360,1693989150.0,1429934
2020-03-12 09:00:58.512000000,3507.0,3509.0,3496.0,3506.0,73,3507.0,675,48419,1696058260.0,1429966
2020-03-12 09:00:59.012000000,3507.0,3509.0,3496.0,3506.0,299,3507.0,172,48936,1714189420.0,1430003
2020-03-12 09:00:59.514000000,3507.0,3509.0,3496.0,3507.0,284,3508.0,363,49185,1722921970.0,1430149
2020-03-12 09:01:00.012000000,3508.0,3509.0,3496.0,3507.0,352,3508.0,196,49284,1726394700.0,1430131
2020-03-12 09:01:00.515000000,3508.0,3510.0,3496.0,3508.0,271,3510.0,728,49982,1750884030.0,1430063
2020-03-12 09:01:01.011000000,3508.0,3510.0,3496.0,3508.0,273,3509.0,6,50144,1756568000.0,1430184
2020-03-12 09:01:01.515000000,3508.0,3510.0,3496.0,3508.0,327,3509.0,1,50220,1759234210.0,1430177
2020-03-12 09:01:02.009000000,3509.0,3510.0,3496.0,3509.0,39,3510.0,721,50367,1764392310.0,1430194
2020-03-12 09:01:02.512000000,3508.0,3510.0,3496.0,3508.0,351,3509.0,25,50481,1768392420.0,1430178
2020-03-12 09:01:03.010000000,3508.0,3510.0,3496.0,3508.0,183,3509.0,355,50567,1771409460.0,1430204
2020-03-12 09:01:04.012000000,3508.0,3510.0,3496.0,3507.0,393,3508.0,78,50947,1784739750.0,1430244
2020-03-12 09:01:04.012001000,3508.0,3510.0,3496.0,3507.0,48,3508.0,38,51425,1801504590.0,1430140
2020-03-12 09:01:04.512000000,3508.0,3510.0,3496.0,3506.0,365,3508.0,187,51762,1813325380.0,1430261
2020-03-12 09:01:05.015000000,3507.0,3510.0,3496.0,3507.0,71,3508.0,185,51798,1814588170.0,1430264
2020-03-12 09:01:05.514000000,3508.0,3510.0,3496.0,3507.0,35,3508.0,127,51836,1815921140.0,1430256
2020-03-12 09:01:06.014000000,3507.0,3510.0,3496.0,3507.0,212,3508.0,47,51930,1819218430.0,1430297
2020-03-12 09:01:06.514000000,3508.0,3510.0,3496.0,3507.0,302,3508.0,10,51972,1820691770.0,1430309
2020-03-12 09:01:07.015000000,3507.0,3510.0,3496.0,3507.0,274,3508.0,161,52131,1826268720.0,1430362
2020-03-12 09:01:07.512000000,3507.0,3510.0,3496.0,3507.0,244,3508.0,50,52289,1831811020.0,1430239
2020-03-12 09:01:08.009000000,3507.0,3510.0,3496.0,3507.0,240,3508.0,74,52419,1836371290.0,1430244
2020-03-12 09:01:08.512000000,3508.0,3510.0,3496.0,3508.0,36,3509.0,173,52867,1852089900.0,1430409
2020-03-12 09:01:09.014000000,3508.0,3510.0,3496.0,3508.0,41,3509.0,265,52908,1853528180.0,1430415
2020-03-12 09:01:09.514000000,3508.0,3510.0,3496.0,3507.0,213,3508.0,5,53025,1857632260.0,1430375
2020-03-12 09:01:10.000000000,3508.0,3510.0,3496.0,3507.0,263,3508.0,52,53087,1859807160.0,1430374
2020-03-12 09:01:10.514000000,3507.0,3510.0,3496.0,3507.0,264,3508.0,4,53214,1864262300.0,1430406
2020-03-12 09:01:11.014000000,3509.0,3510.0,3496.0,3508.0,5,3509.0,136,53340,1868683260.0,1430458
2020-03-12 09:01:11.512000000,3509.0,3510.0,3496.0,3508.0,48,3509.0,196,53401,1870823140.0,1430455
2020-03-12 09:01:12.010000000,3509.0,3510.0,3496.0,3508.0,116,3509.0,196,53461,1872927980.0,1430469
2020-03-12 09:01:12.512000000,3508.0,3510.0,3496.0,3508.0,130,3509.0,171,53564,1876541470.0,1430477
2020-03-12 09:01:13.014000000,3508.0,3510.0,3496.0,3508.0,145,3509.0,102,53705,1881488600.0,1430515
2020-03-12 09:01:13.515000000,3508.0,3510.0,3496.0,3508.0,23,3509.0,38,54004,1891978310.0,1430722
2020-03-12 09:01:14.013000000,3508.0,3510.0,3496.0,3508.0,216,3509.0,159,54032,1892960760.0,1430723
2020-03-12 09:01:14.512000000,3509.0,3510.0,3496.0,3509.0,153,3510.0,890,54296,1902224470.0,1430515
2020-03-12 09:01:15.014000000,3510.0,3510.0,3496.0,3509.0,162,3510.0,902,54333,1903522830.0,1430488
2020-03-12 09:01:15.514000000,3509.0,3510.0,3496.0,3509.0,36,3510.0,611,54850,1921667780.0,1430389
2020-03-12 09:01:16.014000000,3509.0,3510.0,3496.0,3509.0,427,3510.0,499,55030,1927985040.0,1430494
2020-03-12 09:01:16.515000000,3510.0,3510.0,3496.0,3510.0,374,3511.0,382,55559,1946552920.0,1430686
2020-03-12 09:01:17.014000000,3510.0,3511.0,3496.0,3511.0,49,3512.0,439,56061,1964176810.0,1430786
2020-03-12 09:01:17.512000000,3512.0,3512.0,3496.0,3511.0,63,3512.0,412,56206,1969268060.0,1430820
2020-03-12 09:01:18.012000000,3511.0,3512.0,3496.0,3511.0,1,3512.0,339,56384,1975518740.0,1430827
2020-03-12 09:01:18.514000000,3512.0,3512.0,3496.0,3510.0,500,3511.0,59,56473,1978643950.0,1430847
2020-03-12 09:01:19.007000000,3511.0,3512.0,3496.0,3510.0,409,3511.0,159,56599,1983067260.0,1430848
2020-03-12 09:01:19.511000000,3511.0,3512.0,3496.0,3510.0,401,3511.0,189,56671,1985595060.0,1430850
2020-03-12 09:01:20.013000000,3511.0,3512.0,3496.0,3510.0,224,3511.0,153,56725,1987490920.0,1430882
2020-03-12 09:01:20.515000000,3511.0,3512.0,3496.0,3510.0,88,3511.0,168,56881,1992966910.0,1430907
2020-03-12 09:01:21.010000000,3510.0,3512.0,3496.0,3509.0,528,3510.0,24,57122,2001426850.0,1430974
2020-03-12 09:01:21.511000000,3510.0,3512.0,3496.0,3509.0,479,3510.0,25,57214,2004656280.0,1430942
2020-03-12 09:01:22.012000000,3509.0,3512.0,3496.0,3509.0,479,3510.0,19,57241,2005603950.0,1430941
2020-03-12 09:01:22.512000000,3510.0,3512.0,3496.0,3509.0,443,3510.0,65,57377,2010377010.0,1430960
2020-03-12 09:01:23.013000000,3510.0,3512.0,3496.0,3509.0,410,3510.0,100,57450,2012939260.0,1430983
2020-03-12 09:01:23.511000000,3510.0,3512.0,3496.0,3509.0,385,3510.0,134,57559,2016765130.0,1430983
2020-03-12 09:01:24.014000000,3510.0,3512.0,3496.0,3510.0,107,3511.0,305,57809,2025539680.0,1430980
2020-03-12 09:01:24.514000000,3510.0,3512.0,3496.0,3510.0,131,3511.0,303,57858,2027259720.0,1430974
2020-03-12 09:01:25.000000000,3510.0,3512.0,3496.0,3510.0,48,3511.0,306,58191,2038948060.0,1430888
2020-03-12 09:01:25.512000000,3510.0,3512.0,3496.0,3509.0,350,3510.0,5,58524,2050636170.0,1430831
2020-03-12 09:01:26.015000000,3510.0,3512.0,3496.0,3509.0,460,3510.0,8,58715,2057339800.0,1430788
2020-03-12 09:01:26.511000000,3510.0,3512.0,3496.0,3510.0,216,3511.0,202,58922,2064606030.0,1430872
2020-03-12 09:01:27.013000000,3510.0,3512.0,3496.0,3510.0,141,3511.0,214,59020,2068045840.0,1430932
2020-03-12 09:01:27.512000000,3510.0,3512.0,3496.0,3510.0,208,3511.0,241,59035,2068572370.0,1430940
2020-03-12 09:01:28.013000000,3511.0,3512.0,3496.0,3510.0,78,3511.0,170,59241,2075803630.0,1430981
2020-03-12 09:01:28.515000000,3510.0,3512.0,3496.0,3510.0,246,3511.0,169,59272,2076891810.0,1430994
2020-03-12 09:01:29.014000000,3510.0,3512.0,3496.0,3510.0,223,3511.0,64,59424,2082228150.0,1431080
2020-03-12 09:01:29.511000000,3511.0,3512.0,3496.0,3510.0,333,3511.0,64,59470,2083842880.0,1431092
2020-03-12 09:01:30.014000000,3511.0,3512.0,3496.0,3510.0,759,3511.0,18,59656,2090372070.0,1431183
2020-03-12 09:01:30.513000000,3511.0,3512.0,3496.0,3511.0,23,3512.0,420,59773,2094479340.0,1431155
2020-03-12 09:01:31.006000000,3511.0,3512.0,3496.0,3511.0,45,3512.0,432,59890,2098587230.0,1431166
2020-03-12 09:01:31.513000000,3511.0,3512.0,3496.0,3510.0,700,3511.0,66,60044,2103994170.0,1431209
2020-03-12 09:01:32.012000000,3511.0,3512.0,3496.0,3510.0,748,3511.0,5,60240,2110875640.0,1431279
2020-03-12 09:01:32.513000000,3512.0,3512.0,3496.0,3510.0,679,3511.0,3,60368,2115368620.0,1431226
2020-03-12 09:01:33.013000000,3511.0,3512.0,3496.0,3510.0,636,3511.0,116,60485,2119476300.0,1431246
2020-03-12 09:01:33.512000000,3511.0,3512.0,3496.0,3511.0,67,3512.0,493,60733,2128183150.0,1431342
2020-03-12 09:01:34.014000000,3511.0,3512.0,3496.0,3511.0,56,3512.0,493,60859,2132607010.0,1431298
2020-03-12 09:01:34.512000000,3511.0,3512.0,3496.0,3511.0,8,3512.0,477,60993,2137311890.0,1431272
2020-03-12 09:01:35.008000000,3511.0,3512.0,3496.0,3511.0,29,3512.0,485,61048,2139242920.0,1431292
2020-03-12 09:01:35.510000000,3511.0,3512.0,3496.0,3510.0,592,3511.0,53,61121,2141806230.0,1431335
2020-03-12 09:01:36.015000000,3511.0,3512.0,3496.0,3510.0,585,3511.0,69,61139,2142438120.0,1431340
2020-03-12 09:01:36.510000000,3512.0,3512.0,3496.0,3510.0,528,3512.0,489,61382,2150969300.0,1431440
2020-03-12 09:01:37.015000000,3511.0,3512.0,3496.0,3511.0,43,3512.0,437,61505,2155288360.0,1431411
2020-03-12 09:01:37.500000000,3512.0,3512.0,3496.0,3511.0,40,3512.0,756,61611,2159010220.0,1431410
2020-03-12 09:01:38.000000000,3511.0,3512.0,3496.0,3511.0,29,3512.0,766,61783,2165049030.0,1431418
2020-03-12 09:01:38.515000000,3511.0,3512.0,3496.0,3510.0,653,3511.0,106,61932,2170279910.0,1431465
2020-03-12 09:01:39.000000000,3510.0,3512.0,3496.0,3510.0,657,3511.0,224,61999,2172632260.0,1431468
2020-03-12 09:01:39.509000000,3510.0,3512.0,3496.0,3510.0,586,3511.0,115,62210,2180039810.0,1431520
2020-03-12 09:01:40.000000000,3510.0,3512.0,3496.0,3510.0,587,3511.0,197,62299,2183164430.0,1431556
2020-03-12 09:01:40.515000000,3511.0,3512.0,3496.0,3510.0,1,3511.0,6,63309,2218620720.0,1431502
2020-03-12 09:01:41.013000000,3510.0,3512.0,3496.0,3509.0,33,3510.0,1,63944,2240904990.0,1431419
2020-03-12 09:01:41.511000000,3510.0,3512.0,3496.0,3509.0,22,3510.0,597,64133,2247537070.0,1431514
2020-03-12 09:01:42.013000000,3509.0,3512.0,3496.0,3508.0,343,3509.0,469,64433,2258065470.0,1431560
2020-03-12 09:01:42.500000000,3509.0,3512.0,3496.0,3508.0,364,3509.0,415,64515,2260942390.0,1431544
2020-03-12 09:01:43.009000000,3509.0,3512.0,3496.0,3508.0,331,3509.0,295,64717,2268030240.0,1431475
2020-03-12 09:01:43.513000000,3509.0,3512.0,3496.0,3508.0,348,3509.0,236,64787,2270486480.0,1431473
2020-03-12 09:01:44.014000000,3509.0,3512.0,3496.0,3509.0,118,3510.0,543,65030,2279013370.0,1431410
2020-03-12 09:01:44.514000000,3510.0,3512.0,3496.0,3509.0,121,3510.0,376,65171,2283962190.0,1431397
2020-03-12 09:01:45.015000000,3508.0,3512.0,3496.0,3508.0,37,3510.0,360,65659,2301083150.0,1431592
2020-03-12 09:01:45.515000000,3508.0,3512.0,3496.0,3508.0,131,3509.0,250,65742,2303995360.0,1431577
2020-03-12 09:01:46.009000000,3508.0,3512.0,3496.0,3508.0,146,3509.0,260,65775,2305153120.0,1431599
2020-03-12 09:01:46.513000000,3508.0,3512.0,3496.0,3508.0,78,3509.0,229,65880,2308836910.0,1431657
2020-03-12 09:01:47.015000000,3509.0,3512.0,3496.0,3508.0,8,3509.0,247,65936,2310801620.0,1431643
2020-03-12 09:01:47.500000000,3508.0,3512.0,3496.0,3508.0,3,3509.0,264,66071,2315537480.0,1431652
2020-03-12 09:01:48.012000000,3508.0,3512.0,3496.0,3508.0,46,3509.0,317,66131,2317642550.0,1431652
2020-03-12 09:01:48.514000000,3509.0,3512.0,3496.0,3509.0,178,3510.0,424,66467,2329432690.0,1431771
2020-03-12 09:01:49.015000000,3511.0,3512.0,3496.0,3509.0,232,3510.0,4,66802,2341191120.0,1431894
2020-03-12 09:01:49.506000000,3509.0,3512.0,3496.0,3509.0,100,3510.0,7,67411,2362563470.0,1432161
2020-03-12 09:01:50.012000000,3509.0,3512.0,3496.0,3509.0,208,3510.0,101,67441,2363616310.0,1432188
2020-03-12 09:01:50.515000000,3509.0,3512.0,3496.0,3509.0,6,3510.0,109,67680,2372002960.0,1432162
2020-03-12 09:01:51.003000000,3509.0,3512.0,3496.0,3509.0,17,3510.0,222,67724,2373547250.0,1432161
2020-03-12 09:01:51.511000000,3509.0,3512.0,3496.0,3508.0,780,3509.0,324,67811,2376600100.0,1432230
2020-03-12 09:01:52.015000000,3509.0,3512.0,3496.0,3508.0,790,3509.0,360,67837,2377512440.0,1432253
2020-03-12 09:01:52.510000000,3509.0,3512.0,3496.0,3508.0,687,3509.0,393,67957,2381722120.0,1432342
2020-03-12 09:01:53.015000000,3509.0,3512.0,3496.0,3508.0,678,3509.0,562,67984,2382669490.0,1432353
2020-03-12 09:01:53.513000000,3508.0,3512.0,3496.0,3508.0,630,3509.0,443,68174,2389336010.0,1432461
2020-03-12 09:01:54.014000000,3509.0,3512.0,3496.0,3508.0,614,3509.0,385,68234,2391441070.0,1432474
2020-03-12 09:01:54.512000000,3509.0,3512.0,3496.0,3509.0,83,3510.0,541,68671,2406775430.0,1432836
2020-03-12 09:01:55.013000000,3509.0,3512.0,3496.0,3508.0,706,3509.0,19,68941,2416250420.0,1432841
2020-03-12 09:01:55.510000000,3508.0,3512.0,3496.0,3508.0,685,3509.0,33,69034,2419513070.0,1432819
2020-03-12 09:01:56.011000000,3509.0,3512.0,3496.0,3509.0,308,3510.0,575,69263,2427548660.0,1432844
2020-03-12 09:01:56.515000000,3509.0,3512.0,3496.0,3509.0,310,3510.0,581,69287,2428390910.0,1432845
2020-03-12 09:01:57.010000000,3509.0,3512.0,3496.0,3509.0,764,3510.0,590,69423,2433163310.0,1432879
2020-03-12 09:01:57.511000000,3510.0,3512.0,3496.0,3509.0,805,3510.0,531,69474,2434952930.0,1432928
2020-03-12 09:01:58.005000000,3509.0,3512.0,3496.0,3509.0,770,3510.0,508,69527,2436812850.0,1432936
2020-03-12 09:01:58.514000000,3510.0,3512.0,3496.0,3509.0,756,3510.0,357,69702,2442955220.0,1432824
2020-03-12 09:01:59.007000000,3509.0,3512.0,3496.0,3509.0,910,3510.0,347,69745,2444464360.0,1432831
2020-03-12 09:01:59.510000000,3510.0,3512.0,3496.0,3510.0,50,3511.0,440,70264,2462680220.0,1433018
2020-03-12 09:02:00.015000000,3511.0,3512.0,3496.0,3511.0,57,3512.0,1268,70765,2480270050.0,1433230
2020-03-12 09:02:00.512000000,3511.0,3512.0,3496.0,3511.0,183,3512.0,1213,70833,2482658040.0,1433278
2020-03-12 09:02:01.014000000,3512.0,3512.0,3496.0,3511.0,169,3512.0,936,70918,2485642410.0,1433272
2020-03-12 09:02:01.513000000,3511.0,3512.0,3496.0,3511.0,130,3512.0,915,71034,2489715620.0,1433322
2020-03-12 09:02:02.013000000,3511.0,3512.0,3496.0,3511.0,38,3512.0,276,71787,2516159870.0,1433494
2020-03-12 09:02:02.511000000,3511.0,3512.0,3496.0,3511.0,654,3512.0,152,71973,2522691630.0,1433602
2020-03-12 09:02:03.013000000,3512.0,3512.0,3496.0,3512.0,444,3513.0,582,72372,2536704510.0,1433825
2020-03-12 09:02:03.507000000,3512.0,3513.0,3496.0,3513.0,3,3514.0,251,73023,2559573540.0,1434053
2020-03-12 09:02:04.009000000,3513.0,3514.0,3496.0,3513.0,33,3514.0,331,73096,2562138130.0,1434080
2020-03-12 09:02:04.511000000,3514.0,3514.0,3496.0,3513.0,97,3514.0,359,73182,2565159570.0,1434093
2020-03-12 09:02:05.009000000,3513.0,3514.0,3496.0,3513.0,52,3514.0,272,73422,2573591770.0,1434098
2020-03-12 09:02:05.508000000,3514.0,3514.0,3496.0,3513.0,6,3514.0,55,74035,2595131760.0,1434193
2020-03-12 09:02:06.015000000,3514.0,3514.0,3496.0,3513.0,113,3514.0,175,74164,2599663860.0,1434251
2020-03-12 09:02:06.510000000,3513.0,3514.0,3496.0,3512.0,343,3513.0,29,74322,2605214240.0,1434255
2020-03-12 09:02:07.005000000,3513.0,3514.0,3496.0,3512.0,320,3513.0,14,74414,2608445900.0,1434280
2020-03-12 09:02:07.512000000,3513.0,3514.0,3496.0,3513.0,501,3514.0,275,74488,2611045330.0,1434287
2020-03-12 09:02:08.010000000,3513.0,3514.0,3496.0,3513.0,166,3514.0,262,74866,2624324780.0,1434627
2020-03-12 09:02:08.500000000,3512.0,3514.0,3496.0,3512.0,274,3513.0,84,75138,2633879900.0,1434599
2020-03-12 09:02:09.014000000,3513.0,3514.0,3496.0,3512.0,123,3513.0,175,75341,2641009750.0,1434597
2020-03-12 09:02:09.515000000,3513.0,3514.0,3496.0,3512.0,4,3513.0,184,75564,2648842240.0,1434685
2020-03-12 09:02:10.003000000,3513.0,3514.0,3496.0,3512.0,15,3513.0,168,75691,2653303340.0,1434728
2020-03-12 09:02:10.509000000,3512.0,3514.0,3496.0,3511.0,256,3512.0,20,75776,2656288820.0,1434747
2020-03-12 09:02:11.008000000,3512.0,3514.0,3496.0,3512.0,429,3513.0,146,75939,2662013830.0,1434780
2020-03-12 09:02:11.515000000,3512.0,3514.0,3496.0,3512.0,437,3513.0,96,76018,2664788440.0,1434786
2020-03-12 09:02:12.016000000,3512.0,3514.0,3496.0,3512.0,409,3513.0,140,76056,2666123160.0,1434795
2020-03-12 09:02:12.512000000,3512.0,3514.0,3496.0,3512.0,349,3513.0,250,76179,2670442970.0,1434833
2020-03-12 09:02:13.011000000,3513.0,3514.0,3496.0,3512.0,248,3513.0,242,76302,2674763080.0,1434854
2020-03-12 09:02:13.511000000,3511.0,3514.0,3496.0,3511.0,399,3512.0,61,76786,2691759950.0,1435058
2020-03-12 09:02:14.006000000,3511.0,3514.0,3496.0,3511.0,411,3512.0,9,77007,2699521450.0,1435174
2020-03-12 09:02:14.515000000,3512.0,3514.0,3496.0,3512.0,488,3513.0,266,77116,2703349810.0,1435216
2020-03-12 09:02:15.008000000,3513.0,3514.0,3496.0,3512.0,257,3513.0,234,77430,2714378040.0,1435379
2020-03-12 09:02:15.510000000,3513.0,3514.0,3496.0,3512.0,343,3513.0,245,77470,2715783080.0,1435395
2020-03-12 09:02:16.014000000,3512.0,3514.0,3496.0,3512.0,362,3513.0,268,77489,2716450450.0,1435408
2020-03-12 09:02:16.514000000,3513.0,3514.0,3496.0,3512.0,232,3513.0,227,77634,2721543090.0,1435541
2020-03-12 09:02:17.013000000,3512.0,3514.0,3496.0,3512.0,210,3513.0,237,77717,2724458340.0,1435588
2020-03-12 09:02:17.507000000,3512.0,3514.0,3496.0,3512.0,217,3513.0,232,77734,2725055480.0,1435598
2020-03-12 09:02:18.007000000,3513.0,3514.0,3496.0,3512.0,243,3513.0,247,77759,2725933510.0,1435602
2020-03-12 09:02:18.514000000,3512.0,3514.0,3496.0,3511.0,427,3512.0,141,78056,2736364370.0,1435831
2020-03-12 09:02:19.010000000,3512.0,3514.0,3496.0,3511.0,415,3512.0,129,78103,2738014890.0,1435841
2020-03-12 09:02:19.515000000,3512.0,3514.0,3496.0,3512.0,419,3513.0,246,78264,2743669160.0,1435941
2020-03-12 09:02:20.009000000,3512.0,3514.0,3496.0,3512.0,328,3513.0,234,78381,2747778300.0,1435962
2020-03-12 09:02:20.511000000,3512.0,3514.0,3496.0,3512.0,335,3513.0,220,78425,2749323810.0,1435982
2020-03-12 09:02:21.011000000,3513.0,3514.0,3496.0,3512.0,301,3513.0,167,78524,2752801320.0,1436013
2020-03-12 09:02:21.510000000,3512.0,3514.0,3496.0,3512.0,324,3513.0,173,78560,2754065960.0,1436028
2020-03-12 09:02:22.015000000,3513.0,3514.0,3496.0,3512.0,362,3513.0,136,78643,2756981350.0,1436065
2020-03-12 09:02:22.513000000,3512.0,3514.0,3496.0,3512.0,322,3513.0,104,78704,2759123800.0,1436095
2020-03-12 09:02:23.015000000,3512.0,3514.0,3496.0,3512.0,296,3513.0,118,78873,2765060000.0,1436146
2020-03-12 09:02:23.511000000,3513.0,3514.0,3496.0,3512.0,508,3513.0,147,78892,2765727350.0,1436151
2020-03-12 09:02:24.002000000,3514.0,3514.0,3496.0,3513.0,274,3514.0,785,79169,2775458190.0,1436172
2020-03-12 09:02:24.512000000,3513.0,3514.0,3496.0,3513.0,237,3514.0,730,79242,2778022850.0,1436143
2020-03-12 09:02:25.009000000,3513.0,3514.0,3496.0,3513.0,226,3514.0,746,79288,2779638930.0,1436136
2020-03-12 09:02:25.516000000,3514.0,3514.0,3496.0,3513.0,214,3514.0,702,79386,2783082170.0,1436110
2020-03-12 09:02:26.000000000,3513.0,3514.0,3496.0,3513.0,61,3514.0,395,79897,2801036670.0,1436139
2020-03-12 09:02:26.512000000,3513.0,3514.0,3496.0,3513.0,14,3514.0,386,80000,2804655270.0,1436183
2020-03-12 09:02:27.006000000,3512.0,3514.0,3496.0,3512.0,528,3513.0,29,80097,2808062870.0,1436232
2020-03-12 09:02:27.515000000,3512.0,3514.0,3496.0,3512.0,591,3514.0,404,80171,2810662480.0,1436271
2020-03-12 09:02:28.015000000,3513.0,3514.0,3496.0,3512.0,587,3513.0,87,80182,2811048860.0,1436276
2020-03-12 09:02:28.511000000,3512.0,3514.0,3496.0,3512.0,540,3513.0,100,80226,2812594360.0,1436279
2020-03-12 09:02:29.005000000,3513.0,3514.0,3496.0,3512.0,611,3513.0,92,80256,2813648140.0,1436281
2020-03-12 09:02:29.513000000,3512.0,3514.0,3496.0,3512.0,612,3513.0,218,80276,2814350680.0,1436282
2020-03-12 09:02:30.013000000,3513.0,3514.0,3496.0,3513.0,118,3514.0,680,80586,2825240910.0,1436423
2020-03-12 09:02:30.510000000,3512.0,3514.0,3496.0,3512.0,559,3513.0,18,80788,2832336660.0,1436511
2020-03-12 09:02:31.015000000,3513.0,3514.0,3496.0,3513.0,195,3514.0,676,80950,2838027740.0,1436599
2020-03-12 09:02:31.509000000,3513.0,3514.0,3496.0,3512.0,570,3513.0,176,81181,2846142450.0,1436645
2020-03-12 09:02:32.014000000,3513.0,3514.0,3496.0,3512.0,545,3513.0,194,81215,2847336560.0,1436654
2020-03-12 09:02:32.515000000,3512.0,3514.0,3496.0,3512.0,476,3513.0,292,81300,2850322240.0,1436663
2020-03-12 09:02:33.016000000,3512.0,3514.0,3496.0,3511.0,351,3512.0,35,81806,2868093040.0,1437130
2020-03-12 09:02:33.510000000,3512.0,3514.0,3496.0,3510.0,555,3511.0,14,82137,2879714670.0,1437339
2020-03-12 09:02:34.008000000,3511.0,3514.0,3496.0,3510.0,454,3511.0,23,82252,2883751540.0,1437325
2020-03-12 09:02:34.512000000,3511.0,3514.0,3496.0,3510.0,463,3511.0,118,82282,2884804770.0,1437343
2020-03-12 09:02:35.014000000,3511.0,3514.0,3496.0,3510.0,465,3511.0,121,82300,2885436700.0,1437346
2020-03-12 09:02:35.506000000,3511.0,3514.0,3496.0,3510.0,472,3511.0,90,82340,2886841010.0,1437380
2020-03-12 09:02:36.010000000,3511.0,3514.0,3496.0,3510.0,471,3511.0,52,82393,2888701690.0,1437429
2020-03-12 09:02:36.515000000,3512.0,3514.0,3496.0,3511.0,36,3512.0,471,82492,2892177550.0,1437378
2020-03-12 09:02:37.010000000,3511.0,3514.0,3496.0,3510.0,479,3511.0,66,82631,2897057680.0,1437329
2020-03-12 09:02:37.505000000,3510.0,3514.0,3496.0,3510.0,510,3511.0,43,82664,2898216260.0,1437306
2020-03-12 09:02:38.013000000,3511.0,3514.0,3496.0,3511.0,552,3512.0,477,82885,2905975640.0,1437336
2020-03-12 09:02:38.513000000,3511.0,3514.0,3496.0,3511.0,573,3512.0,512,82925,2907380390.0,1437330
2020-03-12 09:02:39.010000000,3511.0,3514.0,3496.0,3511.0,537,3512.0,437,83085,2912999000.0,1437387
2020-03-12 09:02:39.515000000,3511.0,3514.0,3496.0,3511.0,546,3512.0,320,83133,2914684640.0,1437360
2020-03-12 09:02:40.010000000,3511.0,3514.0,3496.0,3511.0,596,3512.0,337,83145,2915105980.0,1437366
2020-03-12 09:02:40.508000000,3512.0,3514.0,3496.0,3512.0,10,3513.0,431,83524,2928416390.0,1437469
2020-03-12 09:02:41.014000000,3511.0,3514.0,3496.0,3511.0,642,3512.0,272,83830,2939162910.0,1437385
2020-03-12 09:02:41.509000000,3511.0,3514.0,3496.0,3511.0,659,3512.0,302,83886,2941129590.0,1437363
2020-03-12 09:02:42.012000000,3511.0,3514.0,3496.0,3511.0,638,3512.0,396,83941,2943060970.0,1437363
2020-03-12 09:02:42.515000000,3512.0,3514.0,3496.0,3511.0,630,3512.0,397,83957,2943622760.0,1437362
2020-03-12 09:02:43.010000000,3512.0,3514.0,3496.0,3511.0,634,3512.0,218,84398,2959110690.0,1437567
2020-03-12 09:02:43.500000000,3512.0,3514.0,3496.0,3512.0,106,3513.0,324,84653,2968066360.0,1437742
2020-03-12 09:02:44.010000000,3513.0,3514.0,3496.0,3512.0,241,3513.0,333,84701,2969752140.0,1437764
2020-03-12 09:02:44.510000000,3513.0,3514.0,3496.0,3512.0,345,3513.0,327,84718,2970349200.0,1437766
2020-03-12 09:02:45.006000000,3512.0,3514.0,3496.0,3512.0,382,3513.0,326,84746,2971332560.0,1437789
2020-03-12 09:02:45.513000000,3512.0,3514.0,3496.0,3512.0,392,3513.0,326,84763,2971929610.0,1437805
2020-03-12 09:02:46.016000000,3512.0,3514.0,3496.0,3512.0,378,3513.0,268,84839,2974599330.0,1437875
2020-03-12 09:02:46.510000000,3513.0,3514.0,3496.0,3512.0,290,3513.0,203,85014,2980746010.0,1437908
2020-03-12 09:02:47.001000000,3513.0,3514.0,3496.0,3512.0,271,3513.0,153,85168,2986155770.0,1437975
2020-03-12 09:02:47.510000000,3513.0,3514.0,3496.0,3513.0,13,3514.0,882,85334,2991987180.0,1438055
2020-03-12 09:02:48.013000000,3513.0,3514.0,3496.0,3513.0,9,3514.0,641,85838,3009693550.0,1438294
2020-03-12 09:02:48.505000000,3513.0,3514.0,3496.0,3512.0,242,3513.0,23,85873,3010923080.0,1438308
2020-03-12 09:02:49.013000000,3513.0,3514.0,3496.0,3512.0,309,3513.0,9,85929,3012890230.0,1438314
2020-03-12 09:02:49.514000000,3513.0,3514.0,3496.0,3513.0,111,3514.0,688,86003,3015489890.0,1438353
2020-03-12 09:02:50.014000000,3512.0,3514.0,3496.0,3512.0,333,3513.0,249,87016,3051083460.0,1438722
2020-03-12 09:02:50.508000000,3513.0,3514.0,3496.0,3513.0,200,3514.0,17,87588,3071179680.0,1438788
2020-03-12 09:02:51.016000000,3514.0,3514.0,3496.0,3514.0,229,3515.0,1422,87650,3073358360.0,1438765
2020-03-12 09:02:51.514000000,3514.0,3515.0,3496.0,3514.0,22,3515.0,1455,87888,3081721710.0,1438658
2020-03-12 09:02:52.010000000,3514.0,3515.0,3496.0,3513.0,6,3514.0,61,88091,3088853390.0,1438767
2020-03-12 09:02:52.514000000,3514.0,3515.0,3496.0,3513.0,171,3514.0,185,88115,3089696630.0,1438775
2020-03-12 09:02:53.013000000,3514.0,3515.0,3496.0,3513.0,175,3514.0,170,88186,3092191570.0,1438778
2020-03-12 09:02:53.514000000,3513.0,3515.0,3496.0,3513.0,190,3514.0,132,88240,3094088900.0,1438795
2020-03-12 09:02:54.014000000,3514.0,3515.0,3496.0,3513.0,131,3514.0,125,88340,3097602090.0,1438793
2020-03-12 09:02:54.511000000,3514.0,3515.0,3496.0,3514.0,3,3515.0,1476,88659,3108811650.0,1438996
2020-03-12 09:02:55.009000000,3514.0,3515.0,3496.0,3513.0,126,3514.0,88,88682,3109619760.0,1438997
2020-03-12 09:02:55.516000000,3513.0,3515.0,3496.0,3513.0,138,3514.0,125,88726,3111165730.0,1439002
2020-03-12 09:02:56.014000000,3514.0,3515.0,3496.0,3513.0,155,3514.0,45,88885,3116752750.0,1438932
2020-03-12 09:02:56.515000000,3513.0,3515.0,3496.0,3513.0,110,3514.0,194,89005,3120968680.0,1438941
2020-03-12 09:02:57.014000000,3514.0,3515.0,3496.0,3512.0,422,3514.0,203,89202,3127890130.0,1438944
2020-03-12 09:02:57.514000000,3513.0,3515.0,3496.0,3513.0,3,3514.0,305,89296,3131192320.0,1438909
2020-03-12 09:02:58.002000000,3514.0,3515.0,3496.0,3513.0,8,3514.0,304,89520,3139063210.0,1438754
2020-03-12 09:02:58.516000000,3513.0,3515.0,3496.0,3513.0,47,3514.0,380,89549,3140082010.0,1438758
2020-03-12 09:02:59.016000000,3513.0,3515.0,3496.0,3513.0,53,3514.0,402,89576,3141030590.0,1438763
2020-03-12 09:02:59.507000000,3513.0,3515.0,3496.0,3513.0,59,3514.0,404,89633,3143033150.0,1438788
2020-03-12 09:03:00.011000000,3513.0,3515.0,3496.0,3513.0,125,3514.0,384,89718,3146019500.0,1438797
2020-03-12 09:03:00.515000000,3513.0,3515.0,3496.0,3513.0,144,3514.0,327,89753,3147249320.0,1438810
2020-03-12 09:03:01.010001000,3514.0,3515.0,3496.0,3513.0,162,3514.0,348,89802,3148971080.0,1438804
2020-03-12 09:03:01.511000000,3514.0,3515.0,3496.0,3513.0,112,3514.0,326,89913,3152871040.0,1438806
2020-03-12 09:03:02.014000000,3513.0,3515.0,3496.0,3512.0,481,3513.0,120,90013,3156384040.0,1438746
2020-03-12 09:03:02.514000000,3513.0,3515.0,3496.0,3512.0,512,3513.0,84,90069,3158351320.0,1438745
2020-03-12 09:03:03.012000000,3512.0,3515.0,3496.0,3512.0,520,3513.0,146,90106,3159651080.0,1438742
2020-03-12 09:03:03.516000000,3513.0,3515.0,3496.0,3512.0,510,3513.0,28,90302,3166536420.0,1438698
2020-03-12 09:03:04.011000000,3513.0,3515.0,3496.0,3512.0,511,3513.0,33,90334,3167660360.0,1438687
2020-03-12 09:03:04.516000000,3513.0,3515.0,3496.0,3512.0,467,3513.0,160,90385,3169451540.0,1438705
2020-03-12 09:03:05.013000000,3512.0,3515.0,3496.0,3511.0,341,3512.0,256,91204,3198212440.0,1438405
2020-03-12 09:03:05.511000000,3511.0,3515.0,3496.0,3510.0,675,3512.0,305,91569,3211027710.0,1438439
2020-03-12 09:03:06.015000000,3511.0,3515.0,3496.0,3510.0,650,3511.0,19,91654,3214012290.0,1438437
2020-03-12 09:03:06.513000000,3511.0,3515.0,3496.0,3510.0,677,3511.0,9,91723,3216434910.0,1438436
2020-03-12 09:03:07.006000000,3511.0,3515.0,3496.0,3511.0,21,3512.0,289,91738,3216961570.0,1438437
2020-03-12 09:03:07.512000000,3511.0,3515.0,3496.0,3511.0,168,3512.0,269,91791,3218822460.0,1438466
2020-03-12 09:03:08.012000000,3511.0,3515.0,3496.0,3511.0,300,3512.0,258,91798,3219068230.0,1438472
2020-03-12 09:03:08.511000000,3511.0,3515.0,3496.0,3511.0,395,3512.0,244,91835,3220367330.0,1438473
2020-03-12 09:03:09.007000000,3512.0,3515.0,3496.0,3511.0,370,3512.0,230,91900,3222649640.0,1438512
2020-03-12 09:03:09.510000000,3511.0,3515.0,3496.0,3511.0,335,3512.0,14,92183,3232588100.0,1438735
2020-03-12 09:03:10.016000000,3511.0,3515.0,3496.0,3511.0,293,3512.0,41,92333,3237854770.0,1438710
2020-03-12 09:03:10.512000000,3511.0,3515.0,3496.0,3511.0,240,3512.0,67,92442,3241681860.0,1438729
2020-03-12 09:03:11.015000000,3512.0,3515.0,3496.0,3511.0,203,3512.0,51,92547,3245369220.0,1438716
2020-03-12 09:03:11.515000000,3512.0,3515.0,3496.0,3512.0,12,3513.0,344,92672,3249759070.0,1438740
2020-03-12 09:03:12.013000000,3511.0,3515.0,3496.0,3511.0,132,3512.0,12,92732,3251865870.0,1438751
2020-03-12 09:03:12.513000000,3512.0,3515.0,3496.0,3511.0,249,3512.0,57,92785,3253727100.0,1438760
2020-03-12 09:03:13.006000000,3512.0,3515.0,3496.0,3511.0,313,3512.0,31,92823,3255061590.0,1438784
2020-03-12 09:03:13.510000000,3511.0,3515.0,3496.0,3511.0,308,3512.0,128,92854,3256150160.0,1438802
2020-03-12 09:03:14.016000000,3511.0,3515.0,3496.0,3511.0,351,3512.0,152,92909,3258081230.0,1438838
2020-03-12 09:03:14.510000000,3511.0,3515.0,3496.0,3511.0,393,3512.0,156,92919,3258432340.0,1438838
2020-03-12 09:03:15.012000000,3512.0,3515.0,3496.0,3511.0,346,3512.0,156,92992,3260995510.0,1438869
2020-03-12 09:03:15.513000000,3511.0,3515.0,3496.0,3511.0,397,3512.0,171,93006,3261487070.0,1438877
2020-03-12 09:03:16.010000000,3511.0,3515.0,3496.0,3511.0,394,3512.0,176,93014,3261767970.0,1438881
2020-03-12 09:03:16.512000000,3512.0,3515.0,3496.0,3511.0,354,3512.0,312,93020,3261978650.0,1438885
2020-03-12 09:03:17.003000000,3511.0,3515.0,3496.0,3511.0,319,3512.0,312,93050,3263032000.0,1438897
2020-03-12 09:03:17.516000000,3512.0,3515.0,3496.0,3510.0,1140,3511.0,11,93387,3274864100.0,1439178
2020-03-12 09:03:18.011000000,3511.0,3515.0,3496.0,3510.0,1199,3511.0,324,93389,3274934320.0,1439177
2020-03-12 09:03:18.516000000,3510.0,3515.0,3496.0,3510.0,1130,3511.0,378,93425,3276197980.0,1439189
2020-03-12 09:03:19.007000000,3510.0,3515.0,3496.0,3510.0,1118,3511.0,270,93549,3280551540.0,1439122
2020-03-12 09:03:19.513000000,3510.0,3515.0,3496.0,3510.0,1115,3511.0,186,93648,3284027330.0,1439185
2020-03-12 09:03:20.003000000,3511.0,3515.0,3496.0,3510.0,1213,3511.0,184,93666,3284659160.0,1439192
2020-03-12 09:03:20.516000000,3510.0,3515.0,3496.0,3510.0,1200,3511.0,109,93763,3288064660.0,1439276
2020-03-12 09:03:21.016000000,3511.0,3515.0,3496.0,3511.0,32,3512.0,500,94076,3299053770.0,1439336
2020-03-12 09:03:21.511000000,3511.0,3515.0,3496.0,3511.0,62,3512.0,501,94238,3304741400.0,1439395
2020-03-12 09:03:22.014000000,3510.0,3515.0,3496.0,3510.0,1148,3512.0,502,94398,3310358890.0,1439361
2020-03-12 09:03:22.516000000,3512.0,3515.0,3496.0,3511.0,9,3512.0,401,94522,3314713530.0,1439331
2020-03-12 09:03:23.014000000,3510.0,3515.0,3496.0,3510.0,1133,3511.0,348,94549,3315661470.0,1439329
2020-03-12 09:03:23.512000000,3511.0,3515.0,3496.0,3510.0,518,3511.0,342,95431,3346619680.0,1439275
2020-03-12 09:03:24.014000000,3510.0,3515.0,3496.0,3509.0,940,3510.0,64,95913,3363537880.0,1439234
2020-03-12 09:03:24.513000000,3511.0,3515.0,3496.0,3510.0,141,3511.0,702,96110,3370452540.0,1439297
2020-03-12 09:03:25.011000000,3510.0,3515.0,3496.0,3509.0,874,3510.0,17,96322,3377893890.0,1439389
2020-03-12 09:03:25.515000000,3510.0,3515.0,3496.0,3510.0,90,3511.0,699,96452,3382456880.0,1439453
2020-03-12 09:03:26.008000000,3510.0,3515.0,3496.0,3509.0,964,3510.0,9,96646,3389266530.0,1439520
2020-03-12 09:03:26.515000000,3509.0,3515.0,3496.0,3509.0,974,3510.0,53,96703,3391266880.0,1439517
2020-03-12 09:03:27.014000000,3510.0,3515.0,3496.0,3509.0,736,3511.0,660,97118,3405831430.0,1439566
2020-03-12 09:03:27.516000000,3509.0,3515.0,3496.0,3509.0,716,3511.0,660,97150,3406954490.0,1439585
2020-03-12 09:03:28.009000000,3509.0,3515.0,3496.0,3509.0,729,3510.0,6,97368,3414608140.0,1439593
2020-03-12 09:03:28.515000000,3509.0,3515.0,3496.0,3509.0,736,3510.0,2,97398,3415660910.0,1439599
2020-03-12 09:03:29.012000000,3510.0,3515.0,3496.0,3510.0,165,3511.0,301,97435,3416959600.0,1439611
2020-03-12 09:03:29.513000000,3511.0,3515.0,3496.0,3510.0,368,3511.0,294,97596,3422610790.0,1439611
2020-03-12 09:03:30.016000000,3510.0,3515.0,3496.0,3510.0,326,3511.0,303,97683,3425664500.0,1439673
2020-03-12 09:03:30.510000000,3510.0,3515.0,3496.0,3510.0,299,3511.0,305,97749,3427981100.0,1439729
2020-03-12 09:03:31.016000000,3510.0,3515.0,3496.0,3510.0,295,3511.0,113,97987,3436336910.0,1439866
2020-03-12 09:03:31.509000000,3510.0,3515.0,3496.0,3510.0,98,3511.0,119,98247,3445463080.0,1439751
2020-03-12 09:03:32.016000000,3510.0,3515.0,3496.0,3510.0,1,3511.0,97,98601,3457890520.0,1439893
2020-03-12 09:03:32.513000000,3509.0,3515.0,3496.0,3509.0,657,3510.0,14,98706,3461575920.0,1439968
2020-03-12 09:03:33.015000000,3510.0,3515.0,3496.0,3509.0,612,3510.0,39,98770,3463822240.0,1439941
2020-03-12 09:03:33.515000000,3510.0,3515.0,3496.0,3510.0,151,3511.0,255,98851,3466665160.0,1439974
2020-03-12 09:03:34.012000000,3510.0,3515.0,3496.0,3510.0,27,3511.0,249,98988,3471473940.0,1440072
2020-03-12 09:03:34.514000000,3509.0,3515.0,3496.0,3509.0,557,3510.0,21,99056,3473860600.0,1440110
2020-03-12 09:03:35.004000000,3510.0,3515.0,3496.0,3509.0,470,3510.0,39,99182,3478281980.0,1440151
2020-03-12 09:03:35.516000000,3510.0,3515.0,3496.0,3510.0,29,3511.0,295,99354,3484319180.0,1440189
2020-03-12 09:03:36.000000000,3509.0,3515.0,3496.0,3509.0,458,3510.0,8,99416,3486495290.0,1440200
2020-03-12 09:03:36.514000000,3510.0,3515.0,3496.0,3510.0,112,3511.0,311,99508,3489724490.0,1440276
2020-03-12 09:03:37.015000000,3510.0,3515.0,3496.0,3510.0,89,3511.0,290,99583,3492357190.0,1440343
2020-03-12 09:03:37.500000000,3510.0,3515.0,3496.0,3509.0,539,3510.0,36,99718,3497095690.0,1440301
2020-03-12 09:03:38.015000000,3509.0,3515.0,3496.0,3509.0,537,3510.0,113,99737,3497762500.0,1440285
2020-03-12 09:03:38.510000000,3510.0,3515.0,3496.0,3510.0,358,3511.0,366,99882,3502852000.0,1440241
2020-03-12 09:03:39.012000000,3510.0,3515.0,3496.0,3510.0,407,3511.0,357,100066,3509310470.0,1440173
2020-03-12 09:03:39.510000000,3510.0,3515.0,3496.0,3510.0,339,3511.0,352,100159,3512574840.0,1440126
2020-03-12 09:03:40.012000000,3510.0,3515.0,3496.0,3510.0,313,3511.0,360,100200,3514013940.0,1440122
2020-03-12 09:03:40.508000000,3511.0,3515.0,3496.0,3510.0,305,3511.0,370,100212,3514435150.0,1440118
2020-03-12 09:03:41.012000000,3510.0,3515.0,3496.0,3510.0,270,3511.0,384,100250,3515768950.0,1440101
2020-03-12 09:03:41.514000000,3510.0,3515.0,3496.0,3510.0,258,3511.0,375,100322,3518296360.0,1440136
2020-03-12 09:03:42.013000000,3511.0,3515.0,3496.0,3510.0,240,3511.0,359,100378,3520262210.0,1440164
2020-03-12 09:03:42.501000000,3510.0,3515.0,3496.0,3510.0,201,3511.0,363,100420,3521736420.0,1440204
2020-03-12 09:03:43.011000000,3510.0,3515.0,3496.0,3510.0,104,3511.0,362,100519,3525211340.0,1440205
2020-03-12 09:03:43.513000000,3510.0,3515.0,3496.0,3510.0,174,3511.0,364,100560,3526650530.0,1440226
2020-03-12 09:03:44.010000000,3510.0,3515.0,3496.0,3510.0,140,3511.0,382,100607,3528300230.0,1440237
2020-03-12 09:03:44.514000000,3510.0,3515.0,3496.0,3509.0,597,3510.0,122,100829,3536092380.0,1440339
2020-03-12 09:03:45.005000000,3510.0,3515.0,3496.0,3509.0,602,3510.0,5,101007,3542340180.0,1440330
2020-03-12 09:03:45.510000000,3510.0,3515.0,3496.0,3510.0,1,3511.0,393,101275,3551746980.0,1440381
2020-03-12 09:03:46.013000000,3510.0,3515.0,3496.0,3510.0,55,3511.0,411,101304,3552764940.0,1440388
2020-03-12 09:03:46.510000000,3510.0,3515.0,3496.0,3510.0,56,3511.0,412,101332,3553747860.0,1440408
2020-03-12 09:03:47.014000000,3510.0,3515.0,3496.0,3510.0,120,3511.0,440,101347,3554274360.0,1440418
2020-03-12 09:03:47.513000000,3510.0,3515.0,3496.0,3510.0,142,3511.0,445,101360,3554730660.0,1440430
2020-03-12 09:03:48.010000000,3510.0,3515.0,3496.0,3509.0,619,3510.0,57,101527,3560592400.0,1440405
2020-03-12 09:03:48.515000000,3509.0,3515.0,3496.0,3509.0,515,3510.0,11,101699,3566628460.0,1440284
2020-03-12 09:03:49.000000000,3510.0,3515.0,3496.0,3510.0,202,3511.0,470,102034,3578386960.0,1440614
2020-03-12 09:03:49.515000000,3510.0,3515.0,3496.0,3510.0,239,3511.0,442,102047,3578843260.0,1440625
2020-03-12 09:03:50.016000000,3510.0,3515.0,3496.0,3510.0,298,3511.0,501,102052,3579018760.0,1440626
2020-03-12 09:03:50.511000000,3510.0,3515.0,3496.0,3510.0,329,3511.0,497,102080,3580001770.0,1440630
2020-03-12 09:03:51.010000000,3510.0,3515.0,3496.0,3510.0,309,3511.0,501,102116,3581265380.0,1440657
2020-03-12 09:03:51.510000000,3510.0,3515.0,3496.0,3510.0,224,3511.0,525,102186,3583722380.0,1440690
2020-03-12 09:03:52.014000000,3510.0,3515.0,3496.0,3510.0,187,3511.0,539,102192,3583932980.0,1440695
2020-03-12 09:03:52.502000000,3510.0,3515.0,3496.0,3510.0,104,3511.0,540,102278,3586951580.0,1440770
2020-03-12 09:03:53.008000000,3510.0,3515.0,3496.0,3509.0,574,3510.0,263,102388,3590812580.0,1440762
2020-03-12 09:03:53.505000000,3510.0,3515.0,3496.0,3509.0,578,3510.0,174,102513,3595200080.0,1440723
2020-03-12 09:03:54.016000000,3510.0,3515.0,3496.0,3509.0,581,3510.0,190,102515,3595270280.0,1440725
2020-03-12 09:03:54.510000000,3509.0,3515.0,3496.0,3509.0,595,3510.0,124,102617,3598850470.0,1440753
2020-03-12 09:03:55.000000000,3509.0,3515.0,3496.0,3509.0,684,3510.0,146,102636,3599517220.0,1440756
2020-03-12 09:03:55.508000000,3509.0,3515.0,3496.0,3509.0,670,3510.0,158,102655,3600183970.0,1440748
2020-03-12 09:03:56.004000000,3509.0,3515.0,3496.0,3509.0,636,3510.0,163,102679,3601026160.0,1440751
2020-03-12 09:03:56.515000000,3509.0,3515.0,3496.0,3509.0,436,3510.0,199,102894,3608570590.0,1440616
2020-03-12 09:03:57.011000000,3510.0,3515.0,3496.0,3509.0,397,3510.0,291,102932,3609904020.0,1440653
2020-03-12 09:03:57.509000000,3509.0,3515.0,3496.0,3509.0,388,3510.0,285,102985,3611764100.0,1440650
2020-03-12 09:03:58.014000000,3509.0,3515.0,3496.0,3509.0,435,3510.0,288,103017,3612887000.0,1440670
2020-03-12 09:03:58.515000000,3510.0,3515.0,3496.0,3509.0,430,3510.0,286,103040,3613694180.0,1440672
2020-03-12 09:03:59.007000000,3510.0,3515.0,3496.0,3509.0,413,3510.0,323,103059,3614360920.0,1440664
2020-03-12 09:03:59.511000000,3509.0,3515.0,3496.0,3508.0,1374,3509.0,2,103494,3629625090.0,1440550
2020-03-12 09:04:00.007000000,3509.0,3515.0,3496.0,3508.0,1387,3509.0,398,103494,3629625090.0,1440550
2020-03-12 09:04:00.513000000,3509.0,3515.0,3496.0,3508.0,1381,3509.0,404,103504,3629975990.0,1440549
2020-03-12 09:04:01.000000000,3509.0,3515.0,3496.0,3508.0,1348,3509.0,116,103560,3631940690.0,1440575
2020-03-12 09:04:01.508000000,3508.0,3515.0,3496.0,3508.0,1358,3509.0,105,103569,3632256420.0,1440572
2020-03-12 09:04:02.000000000,3509.0,3515.0,3496.0,3508.0,1258,3509.0,105,103701,3636887290.0,1440617
2020-03-12 09:04:02.500000000,3508.0,3515.0,3496.0,3508.0,1223,3509.0,179,103713,3637308310.0,1440619
2020-03-12 09:04:03.016000000,3509.0,3515.0,3496.0,3508.0,1187,3509.0,151,103794,3640150300.0,1440647
2020-03-12 09:04:03.513000000,3508.0,3515.0,3496.0,3508.0,1208,3509.0,149,103806,3640571280.0,1440650
2020-03-12 09:04:04.011000000,3508.0,3515.0,3496.0,3508.0,1132,3509.0,213,103905,3644044420.0,1440704
2020-03-12 09:04:04.500000000,3508.0,3515.0,3496.0,3508.0,993,3509.0,489,104028,3648359260.0,1440793
2020-03-12 09:04:05.008000000,3508.0,3515.0,3496.0,3508.0,61,3509.0,472,105112,3686386580.0,1441285
2020-03-12 09:04:05.512000000,3508.0,3515.0,3496.0,3507.0,492,3508.0,973,105195,3689298220.0,1441332
2020-03-12 09:04:06.010000000,3508.0,3515.0,3496.0,3507.0,115,3508.0,750,105545,3701572860.0,1441246
2020-03-12 09:04:06.513000000,3507.0,3515.0,3496.0,3507.0,25,3508.0,729,105709,3707324420.0,1441284
2020-03-12 09:04:07.005000000,3507.0,3515.0,3496.0,3506.0,923,3507.0,130,105780,3709814250.0,1441264
2020-03-12 09:04:07.500000000,3507.0,3515.0,3496.0,3506.0,883,3507.0,357,105902,3714092710.0,1441221
2020-03-12 09:04:08.002000000,3507.0,3515.0,3496.0,3506.0,865,3507.0,372,105919,3714688800.0,1441232
2020-03-12 09:04:08.506000000,3506.0,3515.0,3496.0,3506.0,854,3507.0,297,106030,3718581500.0,1441214
2020-03-12 09:04:09.016000000,3506.0,3515.0,3496.0,3506.0,775,3507.0,290,106172,3723560260.0,1441210
2020-03-12 09:04:09.513000000,3506.0,3515.0,3496.0,3506.0,481,3507.0,271,106556,3737024110.0,1441358
2020-03-12 09:04:10.014000000,3506.0,3515.0,3496.0,3506.0,285,3507.0,287,106658,3740600390.0,1441364
2020-03-12 09:04:10.515000000,3506.0,3515.0,3496.0,3505.0,743,3506.0,17,107034,3753783020.0,1441614
2020-03-12 09:04:11.013000000,3506.0,3515.0,3496.0,3505.0,703,3506.0,57,107110,3756447530.0,1441642
2020-03-12 09:04:11.507000000,3506.0,3515.0,3496.0,3505.0,675,3506.0,3,107243,3761110230.0,1441595
2020-03-12 09:04:12.008000000,3506.0,3515.0,3496.0,3505.0,507,3506.0,1,107471,3769101970.0,1441522
2020-03-12 09:04:12.509000000,3505.0,3515.0,3496.0,3505.0,468,3506.0,7,107511,3770504020.0,1441527
2020-03-12 09:04:13.002000000,3505.0,3515.0,3496.0,3505.0,564,3506.0,80,107587,3773168290.0,1441567
2020-03-12 09:04:13.507000000,3505.0,3515.0,3496.0,3505.0,519,3506.0,84,107666,3775937390.0,1441580
2020-03-12 09:04:14.015000000,3506.0,3515.0,3496.0,3505.0,403,3506.0,274,107967,3786489340.0,1441547
2020-03-12 09:04:14.509000000,3505.0,3515.0,3496.0,3505.0,352,3506.0,171,108143,3792659310.0,1441443
2020-03-12 09:04:15.004000000,3505.0,3515.0,3496.0,3505.0,318,3506.0,184,108188,3794236580.0,1441451
2020-03-12 09:04:15.511000000,3506.0,3515.0,3496.0,3505.0,260,3506.0,102,108338,3799495300.0,1441355
2020-03-12 09:04:16.016000000,3506.0,3515.0,3496.0,3505.0,162,3506.0,132,108501,3805208490.0,1441245
2020-03-12 09:04:16.515000000,3506.0,3515.0,3496.0,3505.0,33,3506.0,8,108825,3816566630.0,1441102
2020-03-12 09:04:17.012000000,3506.0,3515.0,3496.0,3505.0,184,3506.0,135,108889,3818809950.0,1441090
2020-03-12 09:04:17.512000000,3506.0,3515.0,3496.0,3505.0,129,3506.0,265,109094,3825995280.0,1441208
2020-03-12 09:04:18.015000000,3505.0,3515.0,3496.0,3505.0,23,3506.0,260,109214,3830201350.0,1441228
2020-03-12 09:04:18.513000000,3505.0,3515.0,3496.0,3504.0,729,3505.0,440,109359,3835283600.0,1441124
2020-03-12 09:04:19.010000000,3505.0,3515.0,3496.0,3504.0,628,3505.0,432,109413,3837176300.0,1441121
2020-03-12 09:04:19.515000000,3505.0,3515.0,3496.0,3504.0,595,3505.0,367,109576,3842889040.0,1441056
2020-03-12 09:04:20.011000000,3504.0,3515.0,3496.0,3504.0,527,3505.0,435,109701,3847269370.0,1441060
2020-03-12 09:04:20.516000000,3504.0,3515.0,3496.0,3504.0,452,3505.0,429,109794,3850528280.0,1441043
2020-03-12 09:04:21.011000000,3504.0,3515.0,3496.0,3504.0,394,3505.0,386,109979,3857011880.0,1440931
2020-03-12 09:04:21.514000000,3504.0,3515.0,3496.0,3504.0,567,3505.0,278,110145,3862829720.0,1440970
2020-03-12 09:04:22.015000000,3504.0,3515.0,3496.0,3504.0,330,3505.0,211,110465,3874042810.0,1440988
2020-03-12 09:04:22.510000000,3504.0,3515.0,3496.0,3504.0,308,3505.0,229,110520,3875970050.0,1440977
2020-03-12 09:04:23.012000000,3504.0,3515.0,3496.0,3504.0,294,3505.0,139,110677,3881472300.0,1440936
2020-03-12 09:04:23.512000000,3505.0,3515.0,3496.0,3505.0,167,3506.0,316,110848,3887465750.0,1440847
2020-03-12 09:04:24.000000000,3505.0,3515.0,3496.0,3505.0,154,3506.0,310,110872,3888306950.0,1440836
2020-03-12 09:04:24.514000000,3505.0,3515.0,3496.0,3505.0,140,3506.0,311,110898,3889218280.0,1440831
2020-03-12 09:04:25.013000000,3506.0,3515.0,3496.0,3505.0,143,3506.0,303,110916,3889849270.0,1440818
2020-03-12 09:04:25.516000000,3505.0,3515.0,3496.0,3505.0,198,3506.0,283,110942,3890760780.0,1440796
2020-03-12 09:04:26.015000000,3506.0,3515.0,3496.0,3505.0,73,3506.0,173,111181,3899137750.0,1440700
2020-03-12 09:04:26.516000000,3505.0,3515.0,3496.0,3505.0,152,3507.0,282,111396,3906675440.0,1440621
2020-03-12 09:04:27.012000000,3506.0,3515.0,3496.0,3505.0,269,3506.0,43,111447,3908463460.0,1440583
2020-03-12 09:04:27.516000000,3505.0,3515.0,3496.0,3505.0,142,3506.0,14,111788,3920417360.0,1440374
2020-03-12 09:04:28.014000000,3505.0,3515.0,3496.0,3505.0,229,3506.0,272,111855,3922765980.0,1440385
2020-03-12 09:04:28.514000000,3505.0,3515.0,3496.0,3505.0,173,3506.0,305,111897,3924238190.0,1440407
2020-03-12 09:04:29.013000000,3505.0,3515.0,3496.0,3505.0,203,3506.0,176,112070,3930303420.0,1440531
2020-03-12 09:04:29.505000000,3506.0,3515.0,3496.0,3505.0,334,3506.0,176,112095,3931179720.0,1440541
2020-03-12 09:04:30.015000000,3505.0,3515.0,3496.0,3504.0,503,3505.0,422,112631,3949968230.0,1440649
2020-03-12 09:04:30.515000000,3505.0,3515.0,3496.0,3504.0,490,3505.0,400,112700,3952386580.0,1440708
2020-03-12 09:04:31.013000000,3505.0,3515.0,3496.0,3504.0,488,3505.0,379,112726,3953297880.0,1440711
2020-03-12 09:04:31.506000000,3504.0,3515.0,3496.0,3504.0,474,3505.0,388,112762,3954559530.0,1440730
2020-03-12 09:04:32.017000000,3505.0,3515.0,3496.0,3504.0,465,3505.0,251,112936,3960658150.0,1440696
2020-03-12 09:04:32.515000000,3504.0,3515.0,3496.0,3504.0,236,3505.0,463,113172,3968927610.0,1440655
2020-03-12 09:04:33.006000000,3504.0,3515.0,3496.0,3504.0,29,3505.0,545,113491,3980105540.0,1440692
2020-03-12 09:04:33.504000000,3504.0,3515.0,3496.0,3503.0,690,3504.0,342,113558,3982453130.0,1440661
2020-03-12 09:04:34.016000000,3504.0,3515.0,3496.0,3503.0,463,3504.0,238,113942,3995906050.0,1440717
2020-03-12 09:04:34.516000000,3504.0,3515.0,3496.0,3503.0,434,3504.0,218,114054,3999830430.0,1440724
2020-03-12 09:04:35.017000000,3504.0,3515.0,3496.0,3503.0,329,3504.0,174,114213,4005400680.0,1440776
2020-03-12 09:04:35.503000000,3503.0,3515.0,3496.0,3503.0,411,3504.0,157,114260,4007047320.0,1440787
2020-03-12 09:04:36.015000000,3503.0,3515.0,3496.0,3502.0,413,3503.0,569,114823,4026769040.0,1441049
2020-03-12 09:04:36.513000000,3502.0,3515.0,3496.0,3501.0,777,3502.0,137,115296,4043334020.0,1441309
2020-03-12 09:04:37.012000000,3503.0,3515.0,3496.0,3501.0,693,3503.0,463,115979,4067253810.0,1441611
2020-03-12 09:04:37.500000000,3503.0,3515.0,3496.0,3502.0,16,3503.0,496,116077,4070685400.0,1441593
2020-03-12 09:04:38.014000000,3501.0,3515.0,3496.0,3501.0,349,3502.0,4,116427,4082940500.0,1441626
2020-03-12 09:04:38.513000000,3502.0,3515.0,3496.0,3501.0,200,3502.0,241,116607,4089242850.0,1441675
2020-03-12 09:04:39.009000000,3501.0,3515.0,3496.0,3501.0,16,3502.0,211,116914,4099992070.0,1441739
2020-03-12 09:04:39.517000000,3500.0,3515.0,3496.0,3500.0,778,3501.0,68,117065,4105277970.0,1441722
2020-03-12 09:04:40.017000000,3501.0,3515.0,3496.0,3501.0,13,3502.0,215,117384,4116445990.0,1441562
2020-03-12 09:04:40.516000000,3501.0,3515.0,3496.0,3500.0,828,3501.0,9,117513,4120961990.0,1441492
2020-03-12 09:04:41.015000000,3501.0,3515.0,3496.0,3500.0,851,3501.0,65,117704,4127648020.0,1441488
2020-03-12 09:04:41.504000000,3501.0,3515.0,3496.0,3501.0,3,3502.0,191,117995,4137835680.0,1441288
2020-03-12 09:04:42.016000000,3501.0,3515.0,3496.0,3500.0,751,3501.0,25,118168,4143892090.0,1441176
2020-03-12 09:04:42.501000000,3502.0,3515.0,3496.0,3501.0,79,3502.0,220,118293,4148268140.0,1441188
2020-03-12 09:04:43.012000000,3501.0,3515.0,3496.0,3501.0,106,3502.0,130,118410,4152365120.0,1441197
2020-03-12 09:04:43.516000000,3501.0,3515.0,3496.0,3501.0,352,3502.0,173,118507,4155761190.0,1441257
2020-03-12 09:04:44.009000000,3501.0,3515.0,3496.0,3501.0,426,3502.0,304,118609,4159332360.0,1441255
2020-03-12 09:04:44.511000000,3502.0,3515.0,3496.0,3501.0,424,3502.0,242,118726,4163429020.0,1441262
2020-03-12 09:04:45.014000000,3501.0,3515.0,3496.0,3501.0,521,3502.0,227,118839,4167385300.0,1441299
2020-03-12 09:04:45.514000000,3501.0,3515.0,3496.0,3500.0,769,3501.0,3,119658,4196060730.0,1441068
2020-03-12 09:04:46.015000000,3501.0,3515.0,3496.0,3501.0,226,3503.0,684,119767,4199877510.0,1441071
2020-03-12 09:04:46.509000000,3501.0,3515.0,3496.0,3501.0,296,3502.0,170,119802,4201102910.0,1441066
2020-03-12 09:04:47.012000000,3502.0,3515.0,3496.0,3501.0,252,3502.0,154,119886,4204043820.0,1441063
2020-03-12 09:04:47.517000000,3501.0,3515.0,3496.0,3501.0,340,3502.0,210,119913,4204989120.0,1441051
2020-03-12 09:04:48.015000000,3501.0,3515.0,3496.0,3501.0,64,3502.0,356,120261,4217172650.0,1440961
2020-03-12 09:04:48.512000000,3500.0,3515.0,3496.0,3500.0,802,3501.0,347,120369,4220953360.0,1440997
2020-03-12 09:04:49.014000000,3501.0,3515.0,3496.0,3500.0,1236,3501.0,303,120557,4227534740.0,1441072
2020-03-12 09:04:49.514000000,3500.0,3515.0,3496.0,3500.0,1282,3501.0,320,120608,4229319910.0,1441107
2020-03-12 09:04:50.015000000,3501.0,3515.0,3496.0,3501.0,15,3502.0,427,121184,4249484420.0,1440951
2020-03-12 09:04:50.500000000,3502.0,3515.0,3496.0,3501.0,172,3502.0,422,121223,4250849970.0,1440937
2020-03-12 09:04:51.000000000,3501.0,3515.0,3496.0,3501.0,169,3502.0,415,121360,4255646370.0,1440899
2020-03-12 09:04:51.500000000,3502.0,3515.0,3496.0,3501.0,446,3502.0,362,121462,4259218000.0,1440891
2020-03-12 09:04:52.016000000,3501.0,3515.0,3496.0,3501.0,452,3502.0,292,121584,4263489330.0,1440900
2020-03-12 09:04:52.515000000,3501.0,3515.0,3496.0,3501.0,275,3502.0,280,121788,4270631430.0,1440892
2020-03-12 09:04:53.016000000,3502.0,3515.0,3496.0,3501.0,327,3502.0,298,121852,4272872220.0,1440871
2020-03-12 09:04:53.505000000,3501.0,3515.0,3496.0,3501.0,322,3502.0,278,121905,4274728130.0,1440913
2020-03-12 09:04:54.016000000,3502.0,3515.0,3496.0,3501.0,288,3502.0,137,122124,4282396590.0,1440902
2020-03-12 09:04:54.511000000,3502.0,3515.0,3496.0,3502.0,37,3503.0,702,122357,4290556250.0,1440859
2020-03-12 09:04:55.008000000,3501.0,3515.0,3496.0,3501.0,240,3503.0,694,122665,4301341730.0,1440755
2020-03-12 09:04:55.513000000,3502.0,3515.0,3496.0,3501.0,293,3502.0,17,122694,4302357160.0,1440749
2020-03-12 09:04:56.000000000,3502.0,3515.0,3496.0,3502.0,42,3503.0,619,122867,4308416350.0,1440746
2020-03-12 09:04:56.500000000,3502.0,3515.0,3496.0,3502.0,52,3503.0,617,122960,4311673220.0,1440722
2020-03-12 09:04:57.008000000,3503.0,3515.0,3496.0,3502.0,61,3503.0,579,122998,4313004020.0,1440707
2020-03-12 09:04:57.510000000,3502.0,3515.0,3496.0,3501.0,573,3502.0,1,123109,4316891430.0,1440753
2020-03-12 09:04:58.000000000,3502.0,3515.0,3496.0,3502.0,151,3503.0,561,123234,4321268960.0,1440712
2020-03-12 09:04:58.517000000,3502.0,3515.0,3496.0,3502.0,141,3503.0,525,123309,4323895810.0,1440692
2020-03-12 09:04:59.016000000,3503.0,3515.0,3496.0,3503.0,86,3504.0,750,123936,4345858690.0,1441069
2020-03-12 09:04:59.511000000,3503.0,3515.0,3496.0,3503.0,371,3504.0,632,123993,4347855810.0,1441096
2020-03-12 09:05:00.013000000,3503.0,3515.0,3496.0,3503.0,117,3504.0,613,124267,4357454540.0,1440978
2020-03-12 09:05:00.516000000,3504.0,3515.0,3496.0,3503.0,438,3504.0,589,124465,4364391160.0,1441034
2020-03-12 09:05:01.009000000,3504.0,3515.0,3496.0,3504.0,63,3505.0,231,125002,4383207580.0,1441221
2020-03-12 09:05:01.510000000,3503.0,3515.0,3496.0,3503.0,732,3505.0,6,125706,4407878110.0,1441370
2020-03-12 09:05:02.010000000,3504.0,3515.0,3496.0,3504.0,59,3505.0,77,125812,4411592500.0,1441330
2020-03-12 09:05:02.515000000,3505.0,3515.0,3496.0,3504.0,200,3505.0,143,125878,4413905610.0,1441318
2020-03-12 09:05:03.013000000,3504.0,3515.0,3496.0,3504.0,223,3505.0,151,125917,4415272270.0,1441295
2020-03-12 09:05:03.510000000,3505.0,3515.0,3496.0,3504.0,265,3505.0,91,126019,4418847200.0,1441226
2020-03-12 09:05:04.015000000,3504.0,3515.0,3496.0,3504.0,372,3505.0,127,126057,4420178970.0,1441206
2020-03-12 09:05:04.511000000,3505.0,3515.0,3496.0,3504.0,250,3505.0,118,126220,4425890750.0,1441186
2020-03-12 09:05:05.000000000,3505.0,3515.0,3496.0,3504.0,243,3505.0,187,126243,4426696880.0,1441184
2020-03-12 09:05:05.511000000,3504.0,3515.0,3496.0,3504.0,320,3505.0,145,126321,4429430620.0,1441196
2020-03-12 09:05:06.014000000,3504.0,3515.0,3496.0,3504.0,269,3505.0,124,126427,4433145070.0,1441168
2020-03-12 09:05:06.516000000,3505.0,3515.0,3496.0,3504.0,258,3505.0,136,126465,4434476880.0,1441167
2020-03-12 09:05:07.008000000,3504.0,3515.0,3496.0,3504.0,207,3505.0,155,126560,4437805930.0,1441195
2020-03-12 09:05:07.515000000,3503.0,3515.0,3496.0,3503.0,649,3504.0,37,126835,4447442010.0,1441120
2020-03-12 09:05:08.016000000,3505.0,3515.0,3496.0,3505.0,425,3506.0,370,127411,4467627750.0,1440914
2020-03-12 09:05:08.517000000,3505.0,3515.0,3496.0,3504.0,47,3505.0,66,127855,4483189880.0,1441128
2020-03-12 09:05:09.000000000,3504.0,3515.0,3496.0,3503.0,647,3504.0,169,128059,4490338080.0,1441127
2020-03-12 09:05:09.513000000,3504.0,3515.0,3496.0,3503.0,577,3504.0,273,128109,4492089720.0,1441142
2020-03-12 09:05:10.012000000,3504.0,3515.0,3496.0,3503.0,514,3504.0,433,128161,4493911790.0,1441095
2020-03-12 09:05:10.511000000,3504.0,3515.0,3496.0,3503.0,380,3504.0,368,128390,4501934600.0,1441163
2020-03-12 09:05:11.002000000,3504.0,3515.0,3496.0,3503.0,396,3504.0,362,128406,4502495220.0,1441165
2020-03-12 09:05:11.500000000,3504.0,3515.0,3496.0,3503.0,419,3504.0,320,128456,4504247060.0,1441177
2020-03-12 09:05:12.000000000,3504.0,3515.0,3496.0,3503.0,383,3504.0,32,128821,4517036120.0,1441192
2020-03-12 09:05:12.510000000,3504.0,3515.0,3496.0,3504.0,8,3505.0,386,128879,4519068440.0,1441143
2020-03-12 09:05:13.016000000,3503.0,3515.0,3496.0,3504.0,2,3505.0,389,128901,4519839320.0,1441146
2020-03-12 09:05:13.511000000,3504.0,3515.0,3496.0,3503.0,530,3504.0,58,128990,4522957880.0,1441173
2020-03-12 09:05:14.000000000,3503.0,3515.0,3496.0,3503.0,469,3504.0,5,129170,4529264630.0,1441217
2020-03-12 09:05:14.514000000,3504.0,3515.0,3496.0,3504.0,40,3505.0,376,129254,4532207980.0,1441179
2020-03-12 09:05:15.014000000,3504.0,3515.0,3496.0,3504.0,37,3505.0,380,129269,4532733630.0,1441166
2020-03-12 09:05:15.507000000,3505.0,3515.0,3496.0,3504.0,32,3505.0,374,129308,4534100310.0,1441140
2020-03-12 09:05:16.016000000,3504.0,3515.0,3496.0,3504.0,33,3505.0,371,129327,4534766140.0,1441142
2020-03-12 09:05:16.516000000,3504.0,3515.0,3496.0,3503.0,469,3504.0,148,129398,4537253780.0,1441172
2020-03-12 09:05:17.014000000,3504.0,3515.0,3496.0,3503.0,436,3504.0,238,129449,4539040810.0,1441192
2020-03-12 09:05:17.509000000,3503.0,3515.0,3496.0,3503.0,421,3504.0,256,129578,4543560390.0,1441139
2020-03-12 09:05:18.013000000,3504.0,3515.0,3496.0,3503.0,404,3504.0,230,129658,4546363490.0,1441135
2020-03-12 09:05:18.514000000,3504.0,3515.0,3496.0,3504.0,331,3505.0,403,129899,4554808090.0,1441097
2020-03-12 09:05:19.014000000,3504.0,3515.0,3496.0,3504.0,215,3505.0,354,130109,4562166490.0,1440893
2020-03-12 09:05:19.503000000,3504.0,3515.0,3496.0,3504.0,68,3505.0,366,130271,4567842980.0,1440783
2020-03-12 09:05:20.014000000,3504.0,3515.0,3496.0,3503.0,561,3504.0,50,130371,4571346980.0,1440851
2020-03-12 09:05:20.513000000,3504.0,3515.0,3496.0,3503.0,563,3504.0,105,130388,4571942600.0,1440848
2020-03-12 09:05:21.006000000,3503.0,3515.0,3496.0,3503.0,563,3504.0,221,130392,4572082750.0,1440848
2020-03-12 09:05:21.504000000,3505.0,3515.0,3496.0,3503.0,570,3504.0,2,130803,4586486040.0,1440706
2020-03-12 09:05:22.015000000,3504.0,3515.0,3496.0,3504.0,136,3505.0,170,130871,4588868790.0,1440692
2020-03-12 09:05:22.504000000,3505.0,3515.0,3496.0,3505.0,11,3506.0,448,131060,4595493240.0,1440826
2020-03-12 09:05:23.015000000,3504.0,3515.0,3496.0,3504.0,88,3505.0,33,131330,4604955100.0,1440734
2020-03-12 09:05:23.515000000,3505.0,3515.0,3496.0,3504.0,265,3505.0,86,131433,4608565230.0,1440815
2020-03-12 09:05:24.007000000,3505.0,3515.0,3496.0,3505.0,405,3506.0,425,131529,4611930040.0,1440813
2020-03-12 09:05:24.513000000,3505.0,3515.0,3496.0,3505.0,306,3506.0,286,131786,4620938890.0,1440655
2020-03-12 09:05:25.016000000,3505.0,3515.0,3496.0,3505.0,298,3506.0,287,131806,4621639920.0,1440655
2020-03-12 09:05:25.515000000,3505.0,3515.0,3496.0,3504.0,124,3505.0,24,132324,4639793660.0,1440358
2020-03-12 09:05:26.011000000,3505.0,3515.0,3496.0,3504.0,202,3505.0,45,132349,4640669900.0,1440345
2020-03-12 09:05:26.513000000,3505.0,3515.0,3496.0,3504.0,215,3505.0,43,132353,4640810090.0,1440343
2020-03-12 09:05:27.015000000,3504.0,3515.0,3496.0,3504.0,55,3505.0,169,132586,4648974720.0,1440209
2020-03-12 09:05:27.509000000,3504.0,3515.0,3496.0,3504.0,45,3505.0,308,132598,4649395290.0,1440211
2020-03-12 09:05:28.010000000,3505.0,3515.0,3496.0,3504.0,134,3505.0,321,132604,4649605590.0,1440211
2020-03-12 09:05:28.517000000,3505.0,3515.0,3496.0,3504.0,126,3505.0,96,132889,4659594270.0,1440112
2020-03-12 09:05:29.006000000,3505.0,3515.0,3496.0,3504.0,197,3505.0,97,132963,4662187400.0,1440114
2020-03-12 09:05:29.517000000,3504.0,3515.0,3496.0,3504.0,287,3505.0,112,132991,4663168650.0,1440121
2020-03-12 09:05:30.011000000,3505.0,3515.0,3496.0,3504.0,283,3505.0,49,133026,4664395360.0,1440131
2020-03-12 09:05:30.500000000,3505.0,3515.0,3496.0,3504.0,232,3505.0,47,133169,4669406490.0,1440170
2020-03-12 09:05:31.002000000,3504.0,3515.0,3496.0,3504.0,245,3505.0,107,133179,4669756900.0,1440179
2020-03-12 09:05:31.500000000,3504.0,3515.0,3496.0,3504.0,232,3505.0,107,133210,4670843190.0,1440199
2020-03-12 09:05:32.015000000,3504.0,3515.0,3496.0,3504.0,229,3505.0,168,133235,4671719240.0,1440206
2020-03-12 09:05:32.500000000,3505.0,3515.0,3496.0,3504.0,37,3505.0,176,133438,4678832400.0,1440231
2020-03-12 09:05:33.007000000,3504.0,3515.0,3496.0,3503.0,753,3504.0,225,133561,4683142850.0,1440276
2020-03-12 09:05:33.516000000,3504.0,3515.0,3496.0,3503.0,756,3504.0,264,133589,4684123970.0,1440270
2020-03-12 09:05:34.015000000,3504.0,3515.0,3496.0,3503.0,746,3504.0,268,133596,4684369250.0,1440270
2020-03-12 09:05:34.516000000,3503.0,3515.0,3496.0,3503.0,748,3504.0,293,133634,4685700730.0,1440257
2020-03-12 09:05:35.012000000,3504.0,3515.0,3496.0,3503.0,674,3504.0,251,133745,4689589390.0,1440153
2020-03-12 09:05:35.515000000,3503.0,3515.0,3496.0,3503.0,400,3504.0,256,134045,4700098530.0,1440302
2020-03-12 09:05:36.017000000,3504.0,3515.0,3496.0,3502.0,537,3504.0,306,134551,4717824760.0,1440452
2020-03-12 09:05:36.514000000,3503.0,3515.0,3496.0,3502.0,524,3503.0,115,134579,4718805690.0,1440461
2020-03-12 09:05:37.008000000,3503.0,3515.0,3496.0,3502.0,520,3503.0,415,134690,4722693950.0,1440562
2020-03-12 09:05:37.511000000,3502.0,3515.0,3496.0,3502.0,355,3503.0,111,134893,4729804020.0,1440672
2020-03-12 09:05:38.014000000,3502.0,3515.0,3496.0,3502.0,363,3503.0,118,134903,4730154230.0,1440672
2020-03-12 09:05:38.513000000,3502.0,3515.0,3496.0,3502.0,357,3503.0,8,135024,4734392850.0,1440717
2020-03-12 09:05:39.000000000,3502.0,3515.0,3496.0,3502.0,397,3503.0,197,135053,4735408680.0,1440722
2020-03-12 09:05:39.513000000,3502.0,3515.0,3496.0,3502.0,89,3503.0,110,135470,4750013530.0,1440983
2020-03-12 09:05:40.000000000,3502.0,3515.0,3496.0,3502.0,126,3503.0,271,135514,4751554590.0,1441003
2020-03-12 09:05:40.500000000,3502.0,3515.0,3496.0,3501.0,628,3502.0,71,135687,4757613040.0,1441087
2020-03-12 09:05:41.012000000,3502.0,3515.0,3496.0,3501.0,615,3502.0,125,135716,4758628500.0,1441081
2020-03-12 09:05:41.514000000,3501.0,3515.0,3496.0,3501.0,599,3502.0,87,135824,4762410370.0,1441082
2020-03-12 09:05:42.012000000,3502.0,3515.0,3496.0,3502.0,9,3503.0,271,135928,4766052420.0,1441045
2020-03-12 09:05:42.509000000,3502.0,3515.0,3496.0,3502.0,45,3503.0,306,135973,4767628430.0,1441042
2020-03-12 09:05:43.004000000,3502.0,3515.0,3496.0,3502.0,137,3503.0,262,136006,4768784140.0,1441018
2020-03-12 09:05:43.500000000,3502.0,3515.0,3496.0,3502.0,144,3503.0,261,136016,4769134350.0,1441020
2020-03-12 09:05:44.002000000,3502.0,3515.0,3496.0,3502.0,260,3503.0,236,136053,4770430340.0,1441033
2020-03-12 09:05:44.514000000,3502.0,3515.0,3496.0,3502.0,379,3503.0,161,136078,4771305990.0,1441042
2020-03-12 09:05:45.012000000,3503.0,3515.0,3496.0,3503.0,210,3504.0,225,136241,4777015880.0,1440986
2020-03-12 09:05:45.508000000,3504.0,3515.0,3496.0,3503.0,617,3504.0,201,136259,4777646470.0,1440982
2020-03-12 09:05:46.003000000,3503.0,3515.0,3496.0,3503.0,650,3504.0,121,136274,4778171940.0,1440975
2020-03-12 09:05:46.502000000,3503.0,3515.0,3496.0,3503.0,427,3504.0,109,136508,4786369060.0,1440914
2020-03-12 09:05:47.006000000,3503.0,3515.0,3496.0,3503.0,437,3504.0,328,136531,4787174850.0,1440915
2020-03-12 09:05:47.506000000,3503.0,3515.0,3496.0,3503.0,404,3504.0,355,136567,4788435960.0,1440948
2020-03-12 09:05:48.002000000,3503.0,3515.0,3496.0,3503.0,378,3504.0,407,136596,4789451860.0,1440955
2020-03-12 09:05:48.504000000,3503.0,3515.0,3496.0,3503.0,377,3504.0,346,136661,4791729420.0,1440997
2020-03-12 09:05:49.000000000,3503.0,3515.0,3496.0,3502.0,461,3503.0,16,137064,4805846510.0,1440981
2020-03-12 09:05:49.514000000,3504.0,3515.0,3496.0,3502.0,485,3503.0,210,137186,4810120830.0,1440934
2020-03-12 09:05:50.017000000,3503.0,3515.0,3496.0,3502.0,389,3503.0,269,137198,4810541180.0,1440934
2020-03-12 09:05:50.510000000,3502.0,3515.0,3496.0,3502.0,367,3503.0,270,137208,4810891420.0,1440933
2020-03-12 09:05:51.010000000,3502.0,3515.0,3496.0,3502.0,240,3503.0,303,137238,4811942130.0,1440928
2020-03-12 09:05:51.504000000,3502.0,3515.0,3496.0,3502.0,249,3503.0,42,137655,4826549470.0,1440819
2020-03-12 09:05:52.000000000,3503.0,3515.0,3496.0,3502.0,90,3503.0,82,137864,4833868700.0,1440707
2020-03-12 09:05:52.510000000,3502.0,3515.0,3496.0,3501.0,752,3502.0,45,137966,4837440740.0,1440654
2020-03-12 09:05:53.013000000,3502.0,3515.0,3496.0,3501.0,765,3502.0,70,138089,4841748470.0,1440730
2020-03-12 09:05:53.513000000,3502.0,3515.0,3496.0,3502.0,3,3503.0,295,138200,4845635690.0,1440682
2020-03-12 09:05:54.014000000,3503.0,3515.0,3496.0,3502.0,2,3503.0,346,138208,4845915900.0,1440686
2020-03-12 09:05:54.500000000,3502.0,3515.0,3496.0,3501.0,782,3502.0,36,138260,4847737340.0,1440694
2020-03-12 09:05:55.009000000,3502.0,3515.0,3496.0,3502.0,4,3503.0,251,138384,4852079330.0,1440655
2020-03-12 09:05:55.501000000,3502.0,3515.0,3496.0,3501.0,738,3502.0,7,138400,4852639620.0,1440669
2020-03-12 09:05:56.016000000,3503.0,3515.0,3496.0,3502.0,51,3503.0,475,138551,4857927600.0,1440569
2020-03-12 09:05:56.507000000,3503.0,3515.0,3496.0,3501.0,790,3502.0,7,138626,4860554240.0,1440573
2020-03-12 09:05:57.005000000,3501.0,3515.0,3496.0,3501.0,786,3502.0,197,138658,4861674760.0,1440571
2020-03-12 09:05:57.508000000,3502.0,3515.0,3496.0,3501.0,781,3502.0,247,138947,4871795550.0,1440634
2020-03-12 09:05:58.012000000,3501.0,3515.0,3496.0,3501.0,620,3502.0,237,139216,4881214310.0,1440577
2020-03-12 09:05:58.500000000,3501.0,3515.0,3496.0,3501.0,583,3502.0,240,139284,4883595100.0,1440576
2020-03-12 09:05:59.017000000,3502.0,3515.0,3496.0,3501.0,525,3502.0,133,139513,4891613920.0,1440575
2020-03-12 09:05:59.512000000,3501.0,3515.0,3496.0,3501.0,511,3502.0,116,139542,4892629230.0,1440568
2020-03-12 09:06:00.013000000,3501.0,3515.0,3496.0,3502.0,28,3503.0,521,139766,4900473120.0,1440508
2020-03-12 09:06:00.516000000,3503.0,3515.0,3496.0,3501.0,403,3503.0,513,139980,4907966760.0,1440477
2020-03-12 09:06:01.016000000,3501.0,3515.0,3496.0,3501.0,313,3502.0,71,140078,4911398140.0,1440517
2020-03-12 09:06:01.508000000,3502.0,3515.0,3496.0,3501.0,309,3502.0,103,140122,4912938780.0,1440535
2020-03-12 09:06:02.010000000,3501.0,3515.0,3496.0,3501.0,380,3502.0,134,140216,4916230420.0,1440481
2020-03-12 09:06:02.511000000,3502.0,3515.0,3496.0,3501.0,359,3502.0,116,140282,4918541400.0,1440483
2020-03-12 09:06:03.017000000,3502.0,3515.0,3496.0,3501.0,446,3502.0,53,140387,4922218430.0,1440532
2020-03-12 09:06:03.508000000,3502.0,3515.0,3496.0,3502.0,131,3503.0,837,140543,4927681340.0,1440423
2020-03-12 09:06:04.013000000,3502.0,3515.0,3496.0,3502.0,325,3503.0,867,140568,4928556840.0,1440422
2020-03-12 09:06:04.516000000,3502.0,3515.0,3496.0,3502.0,537,3503.0,857,140592,4929397440.0,1440416
2020-03-12 09:06:05.017000000,3502.0,3515.0,3496.0,3502.0,572,3503.0,853,140621,4930413040.0,1440412
2020-03-12 09:06:05.513000000,3502.0,3515.0,3496.0,3502.0,548,3503.0,843,140665,4931954030.0,1440386
2020-03-12 09:06:06.010000000,3503.0,3515.0,3496.0,3502.0,533,3503.0,841,140685,4932654490.0,1440385
2020-03-12 09:06:06.500000000,3502.0,3515.0,3496.0,3502.0,442,3503.0,842,140799,4936646780.0,1440367
2020-03-12 09:06:07.011000000,3503.0,3515.0,3496.0,3502.0,442,3503.0,830,140827,4937627590.0,1440369
2020-03-12 09:06:07.509000000,3503.0,3515.0,3496.0,3502.0,456,3503.0,804,140860,4938783470.0,1440386
2020-03-12 09:06:08.009000000,3502.0,3515.0,3496.0,3502.0,495,3503.0,791,140898,4940114400.0,1440387
2020-03-12 09:06:08.517000000,3503.0,3515.0,3496.0,3502.0,818,3503.0,779,141123,4947994110.0,1440515
2020-03-12 09:06:09.010000000,3503.0,3515.0,3496.0,3502.0,813,3503.0,758,141148,4948869740.0,1440539
2020-03-12 09:06:09.511000000,3503.0,3515.0,3496.0,3502.0,808,3503.0,711,141189,4950305900.0,1440550
2020-03-12 09:06:10.000000000,3503.0,3515.0,3496.0,3502.0,616,3503.0,674,141451,4959481620.0,1440363
2020-03-12 09:06:10.511000000,3503.0,3515.0,3496.0,3502.0,597,3503.0,497,141686,4967713560.0,1440179
2020-03-12 09:06:11.017000000,3503.0,3515.0,3496.0,3502.0,490,3503.0,418,141887,4974752910.0,1440347
2020-03-12 09:06:11.510000000,3502.0,3515.0,3496.0,3502.0,377,3503.0,383,142029,4979726360.0,1440362
2020-03-12 09:06:12.014000000,3503.0,3515.0,3496.0,3502.0,338,3503.0,387,142088,4981792680.0,1440374
2020-03-12 09:06:12.513000000,3502.0,3515.0,3496.0,3502.0,334,3503.0,352,142118,4982843480.0,1440392
2020-03-12 09:06:13.014000000,3503.0,3515.0,3496.0,3502.0,609,3503.0,318,142152,4984034440.0,1440420
2020-03-12 09:06:13.500000000,3503.0,3515.0,3496.0,3503.0,72,3504.0,542,142468,4995103930.0,1440379
2020-03-12 09:06:14.000000000,3503.0,3515.0,3496.0,3503.0,181,3504.0,521,142496,4996084770.0,1440364
2020-03-12 09:06:14.502000000,3503.0,3515.0,3496.0,3503.0,219,3504.0,517,142534,4997415910.0,1440327
2020-03-12 09:06:15.009000000,3503.0,3515.0,3496.0,3503.0,330,3504.0,523,142566,4998536870.0,1440314
2020-03-12 09:06:15.516000000,3503.0,3515.0,3496.0,3503.0,305,3504.0,529,142595,4999552750.0,1440316
2020-03-12 09:06:16.010000000,3504.0,3515.0,3496.0,3503.0,488,3504.0,443,142665,5002005520.0,1440308
2020-03-12 09:06:16.512000000,3504.0,3515.0,3496.0,3503.0,454,3504.0,422,142683,5002636230.0,1440308
2020-03-12 09:06:17.000000000,3504.0,3515.0,3496.0,3503.0,445,3504.0,379,142759,5005299190.0,1440303
2020-03-12 09:06:17.516000000,3504.0,3515.0,3496.0,3503.0,338,3504.0,377,142780,5006034830.0,1440283
2020-03-12 09:06:18.014000000,3504.0,3515.0,3496.0,3503.0,314,3504.0,387,142807,5006980700.0,1440273
2020-03-12 09:06:18.516000000,3503.0,3515.0,3496.0,3503.0,299,3504.0,389,142823,5007541210.0,1440259
2020-03-12 09:06:19.011000000,3504.0,3515.0,3496.0,3503.0,300,3504.0,498,142841,5008171880.0,1440258
2020-03-12 09:06:19.503000000,3503.0,3515.0,3496.0,3503.0,302,3504.0,499,142849,5008452150.0,1440261
2020-03-12 09:06:20.016000000,3503.0,3515.0,3496.0,3503.0,288,3504.0,489,142880,5009538180.0,1440255
2020-03-12 09:06:20.507000000,3504.0,3515.0,3496.0,3503.0,282,3504.0,490,142882,5009608260.0,1440255
2020-03-12 09:06:21.011000000,3503.0,3515.0,3496.0,3503.0,253,3504.0,463,142959,5012306100.0,1440202
2020-03-12 09:06:21.513000000,3504.0,3515.0,3496.0,3503.0,239,3504.0,435,143019,5014408240.0,1440205
2020-03-12 09:06:22.012000000,3504.0,3515.0,3496.0,3503.0,249,3504.0,405,143053,5015599570.0,1440232
2020-03-12 09:06:22.512000000,3504.0,3515.0,3496.0,3503.0,246,3504.0,367,143097,5017141110.0,1440270
2020-03-12 09:06:23.011000000,3503.0,3515.0,3496.0,3503.0,245,3504.0,351,143117,5017841880.0,1440273
2020-03-12 09:06:23.514000000,3504.0,3515.0,3496.0,3503.0,267,3504.0,214,143281,5023588310.0,1440404
2020-03-12 09:06:24.012000000,3503.0,3515.0,3496.0,3503.0,316,3504.0,257,143290,5023903650.0,1440402
2020-03-12 09:06:24.509000000,3504.0,3515.0,3496.0,3503.0,292,3504.0,238,143340,5025655350.0,1440368
2020-03-12 09:06:25.009000000,3504.0,3515.0,3496.0,3504.0,235,3505.0,501,143585,5034240140.0,1440537
2020-03-12 09:06:25.515000000,3504.0,3515.0,3496.0,3503.0,295,3504.0,81,143845,5043350520.0,1440727
2020-03-12 09:06:26.007000000,3504.0,3515.0,3496.0,3504.0,291,3505.0,543,144111,5052671130.0,1440725
2020-03-12 09:06:26.513000000,3504.0,3515.0,3496.0,3504.0,402,3505.0,549,144118,5052916420.0,1440725
2020-03-12 09:06:27.000000000,3504.0,3515.0,3496.0,3504.0,398,3505.0,543,144147,5053932590.0,1440699
2020-03-12 09:06:27.500000000,3504.0,3515.0,3496.0,3504.0,360,3505.0,549,144182,5055158990.0,1440699
2020-03-12 09:06:28.000000000,3504.0,3515.0,3496.0,3504.0,246,3505.0,538,144306,5059503950.0,1440699
2020-03-12 09:06:28.513000000,3504.0,3515.0,3496.0,3504.0,265,3505.0,553,144312,5059714190.0,1440696
2020-03-12 09:06:29.010000000,3504.0,3515.0,3496.0,3504.0,263,3505.0,538,144326,5060204850.0,1440686
2020-03-12 09:06:29.505000000,3505.0,3515.0,3496.0,3504.0,265,3505.0,539,144331,5060380100.0,1440681
2020-03-12 09:06:30.000000000,3505.0,3515.0,3496.0,3504.0,260,3505.0,535,144339,5060660440.0,1440675
2020-03-12 09:06:30.515000000,3505.0,3515.0,3496.0,3504.0,258,3505.0,539,144350,5061045970.0,1440671
2020-03-12 09:06:31.014000000,3504.0,3515.0,3496.0,3504.0,257,3505.0,618,144364,5061536650.0,1440672
2020-03-12 09:06:31.508000000,3505.0,3515.0,3496.0,3504.0,264,3505.0,627,144368,5061676840.0,1440672
2020-03-12 09:06:32.013000000,3505.0,3515.0,3496.0,3504.0,273,3505.0,608,144392,5062518040.0,1440682
2020-03-12 09:06:32.517000000,3505.0,3515.0,3496.0,3504.0,319,3505.0,593,144407,5063043790.0,1440677
2020-03-12 09:06:33.011000000,3505.0,3515.0,3496.0,3504.0,319,3505.0,577,144426,5063709740.0,1440672
2020-03-12 09:06:33.516000000,3505.0,3515.0,3496.0,3504.0,330,3505.0,562,144445,5064375690.0,1440671
2020-03-12 09:06:34.000000000,3505.0,3515.0,3496.0,3504.0,337,3505.0,477,144532,5067425030.0,1440625
2020-03-12 09:06:34.511000000,3504.0,3515.0,3496.0,3504.0,307,3505.0,474,144596,5069667650.0,1440640
2020-03-12 09:06:35.014000000,3504.0,3515.0,3496.0,3504.0,285,3505.0,495,144619,5070473650.0,1440661
2020-03-12 09:06:35.500000000,3504.0,3515.0,3496.0,3504.0,286,3505.0,491,144628,5070789080.0,1440664
2020-03-12 09:06:36.016000000,3505.0,3515.0,3496.0,3504.0,287,3505.0,389,144736,5074574480.0,1440741
2020-03-12 09:06:36.509000000,3505.0,3515.0,3496.0,3504.0,371,3505.0,346,144761,5075450600.0,1440743
2020-03-12 09:06:37.012000000,3505.0,3515.0,3496.0,3504.0,524,3505.0,341,144776,5075976300.0,1440745
2020-03-12 09:06:37.500000000,3504.0,3515.0,3496.0,3504.0,511,3506.0,480,145110,5087682750.0,1440851
2020-03-12 09:06:38.000000000,3506.0,3515.0,3496.0,3505.0,77,3506.0,385,145212,5091258850.0,1440890
2020-03-12 09:06:38.517000000,3506.0,3515.0,3496.0,3505.0,161,3506.0,372,145226,5091749630.0,1440883
2020-03-12 09:06:39.013000000,3506.0,3515.0,3496.0,3505.0,208,3506.0,110,145580,5104160760.0,1440754
2020-03-12 09:06:39.514000000,3506.0,3515.0,3496.0,3505.0,208,3506.0,72,145629,5105878620.0,1440790
2020-03-12 09:06:40.017000000,3506.0,3515.0,3496.0,3505.0,181,3506.0,55,145673,5107420990.0,1440806
2020-03-12 09:06:40.511000000,3505.0,3515.0,3496.0,3505.0,216,3506.0,45,145707,5108612860.0,1440814
2020-03-12 09:06:41.015000000,3505.0,3515.0,3496.0,3505.0,228,3506.0,41,145728,5109349060.0,1440826
2020-03-12 09:06:41.510000000,3505.0,3515.0,3496.0,3505.0,232,3506.0,124,145750,5110120250.0,1440835
2020-03-12 09:06:42.012000000,3505.0,3515.0,3496.0,3505.0,224,3506.0,232,145770,5110821370.0,1440832
2020-03-12 09:06:42.503000000,3506.0,3515.0,3496.0,3505.0,205,3506.0,153,145875,5114502610.0,1440892
2020-03-12 09:06:43.006000000,3505.0,3515.0,3496.0,3505.0,185,3506.0,116,145889,5114993400.0,1440896
2020-03-12 09:06:43.501000000,3505.0,3515.0,3496.0,3505.0,176,3506.0,109,145928,5116360610.0,1440908
2020-03-12 09:06:44.017000000,3506.0,3515.0,3496.0,3506.0,196,3507.0,589,146054,5120778170.0,1441023
2020-03-12 09:06:44.500000000,3506.0,3515.0,3496.0,3506.0,85,3507.0,659,146172,5124915270.0,1441067
2020-03-12 09:06:45.017000000,3506.0,3515.0,3496.0,3505.0,192,3506.0,81,146396,5132768700.0,1441216
2020-03-12 09:06:45.515000000,3506.0,3515.0,3496.0,3505.0,268,3506.0,7,146523,5137221280.0,1441260
2020-03-12 09:06:46.000000000,3506.0,3515.0,3496.0,3506.0,18,3507.0,622,146569,5138834340.0,1441292
2020-03-12 09:06:46.517000000,3507.0,3515.0,3496.0,3506.0,130,3507.0,583,146587,5139465530.0,1441293
2020-03-12 09:06:47.000000000,3506.0,3515.0,3496.0,3506.0,112,3507.0,543,146752,5145250850.0,1441198
2020-03-12 09:06:47.517000000,3506.0,3515.0,3496.0,3506.0,96,3507.0,536,146796,5146793610.0,1441199
2020-03-12 09:06:48.017000000,3506.0,3515.0,3496.0,3506.0,84,3507.0,535,146810,5147284460.0,1441210
2020-03-12 09:06:48.517000000,3506.0,3515.0,3496.0,3506.0,78,3507.0,504,146857,5148932630.0,1441207
2020-03-12 09:06:49.013000000,3506.0,3515.0,3496.0,3506.0,4,3507.0,488,146985,5153420490.0,1441272
2020-03-12 09:06:49.511000000,3507.0,3515.0,3496.0,3506.0,81,3507.0,310,147173,5160013610.0,1441381
2020-03-12 09:06:50.002000000,3506.0,3515.0,3496.0,3506.0,194,3507.0,275,147185,5160434350.0,1441386
2020-03-12 09:06:50.501000000,3507.0,3515.0,3496.0,3507.0,142,3508.0,777,147477,5170674720.0,1441601
2020-03-12 09:06:51.011000000,3508.0,3515.0,3496.0,3507.0,127,3508.0,734,147498,5171411210.0,1441615
2020-03-12 09:06:51.516000000,3508.0,3515.0,3496.0,3507.0,118,3508.0,683,147579,5174252440.0,1441599
2020-03-12 09:06:52.000000000,3508.0,3515.0,3496.0,3507.0,109,3508.0,533,147767,5180847280.0,1441672
2020-03-12 09:06:52.500000000,3508.0,3515.0,3496.0,3507.0,383,3508.0,482,147830,5183057170.0,1441642
2020-03-12 09:06:53.013000000,3508.0,3515.0,3496.0,3507.0,400,3508.0,453,147859,5184074460.0,1441621
2020-03-12 09:06:53.513000000,3508.0,3515.0,3496.0,3507.0,389,3508.0,517,147883,5184916260.0,1441626
2020-03-12 09:06:54.017000000,3508.0,3515.0,3496.0,3507.0,371,3508.0,472,147938,5186845600.0,1441633
2020-03-12 09:06:54.514000000,3508.0,3515.0,3496.0,3507.0,408,3508.0,421,148055,5190949140.0,1441598
2020-03-12 09:06:55.000000000,3508.0,3515.0,3496.0,3507.0,416,3508.0,21,148453,5204910940.0,1441518
2020-03-12 09:06:55.516000000,3508.0,3515.0,3496.0,3508.0,337,3509.0,476,148481,5205893180.0,1441529
2020-03-12 09:06:56.017000000,3508.0,3515.0,3496.0,3508.0,397,3509.0,531,148484,5205998420.0,1441530
2020-03-12 09:06:56.518000000,3508.0,3515.0,3496.0,3508.0,408,3509.0,535,148488,5206138760.0,1441529
2020-03-12 09:06:57.013000000,3509.0,3515.0,3496.0,3508.0,304,3509.0,502,148631,5211155490.0,1441509
2020-03-12 09:06:57.514000000,3509.0,3515.0,3496.0,3508.0,239,3509.0,466,148707,5213822190.0,1441525
2020-03-12 09:06:58.000000000,3509.0,3515.0,3496.0,3508.0,247,3509.0,458,148725,5214453730.0,1441525
2020-03-12 09:06:58.501000000,3508.0,3515.0,3496.0,3508.0,197,3509.0,452,148793,5216839320.0,1441514
2020-03-12 09:06:59.015000000,3508.0,3515.0,3496.0,3508.0,207,3509.0,144,149116,5228173290.0,1441692
2020-03-12 09:06:59.517000000,3508.0,3515.0,3496.0,3508.0,250,3509.0,111,149168,5229997630.0,1441655
2020-03-12 09:07:00.012000000,3508.0,3515.0,3496.0,3508.0,253,3509.0,282,149188,5230699400.0,1441671
2020-03-12 09:07:00.516000000,3508.0,3515.0,3496.0,3508.0,244,3509.0,393,149208,5231401140.0,1441679
2020-03-12 09:07:01.004000000,3508.0,3515.0,3496.0,3508.0,200,3509.0,629,149254,5233015220.0,1441702
2020-03-12 09:07:01.516000000,3508.0,3515.0,3496.0,3507.0,414,3508.0,118,149462,5240311960.0,1441798
2020-03-12 09:07:02.017000000,3508.0,3515.0,3496.0,3507.0,389,3508.0,8,149657,5247152310.0,1441788
2020-03-12 09:07:02.510000000,3507.0,3515.0,3496.0,3507.0,491,3508.0,52,149726,5249572800.0,1441802
2020-03-12 09:07:03.000000000,3508.0,3515.0,3496.0,3507.0,598,3508.0,50,149746,5250274370.0,1441804
2020-03-12 09:07:03.500000000,3508.0,3515.0,3496.0,3507.0,597,3508.0,146,149811,5252554560.0,1441806
2020-03-12 09:07:04.011000000,3508.0,3515.0,3496.0,3507.0,585,3508.0,149,149906,5255886540.0,1441780
2020-03-12 09:07:04.517000000,3507.0,3515.0,3496.0,3507.0,602,3508.0,40,150031,5260271460.0,1441888
2020-03-12 09:07:05.007000000,3508.0,3515.0,3496.0,3508.0,117,3509.0,570,150075,5261814980.0,1441875
2020-03-12 09:07:05.515000000,3508.0,3515.0,3496.0,3508.0,232,3509.0,535,150091,5262376260.0,1441882
2020-03-12 09:07:06.000000000,3508.0,3515.0,3496.0,3508.0,230,3509.0,458,150199,5266164900.0,1441887
2020-03-12 09:07:06.514000000,3509.0,3515.0,3496.0,3508.0,249,3509.0,452,150256,5268164470.0,1441922
2020-03-12 09:07:07.006000000,3508.0,3515.0,3496.0,3508.0,193,3509.0,491,150351,5271497210.0,1441870
2020-03-12 09:07:07.515000000,3508.0,3515.0,3496.0,3508.0,126,3509.0,503,150425,5274093140.0,1441892
2020-03-12 09:07:08.014000000,3509.0,3515.0,3496.0,3508.0,105,3509.0,527,150546,5278337910.0,1441940
2020-03-12 09:07:08.517000000,3508.0,3515.0,3496.0,3508.0,13,3509.0,525,150613,5280688320.0,1441969
2020-03-12 09:07:09.016000000,3508.0,3515.0,3496.0,3507.0,614,3508.0,137,150693,5283494730.0,1441922
2020-03-12 09:07:09.501000000,3508.0,3515.0,3496.0,3508.0,26,3509.0,523,150874,5289844250.0,1441823
2020-03-12 09:07:10.018000000,3508.0,3515.0,3496.0,3508.0,95,3509.0,527,150891,5290440720.0,1441819
2020-03-12 09:07:10.516000000,3508.0,3515.0,3496.0,3508.0,425,3509.0,501,150904,5290896760.0,1441814
2020-03-12 09:07:11.002000000,3508.0,3515.0,3496.0,3509.0,240,3510.0,728,151437,5309599190.0,1441506
2020-03-12 09:07:11.513000000,3510.0,3515.0,3496.0,3509.0,524,3510.0,679,151483,5311213620.0,1441502
2020-03-12 09:07:12.008000000,3510.0,3515.0,3496.0,3509.0,470,3510.0,675,151571,5314301740.0,1441564
2020-03-12 09:07:12.517000000,3509.0,3515.0,3496.0,3509.0,241,3510.0,468,151822,5323111470.0,1441499
2020-03-12 09:07:13.015000000,3509.0,3515.0,3496.0,3509.0,248,3510.0,455,151910,5326199680.0,1441563
2020-03-12 09:07:13.514000000,3510.0,3515.0,3496.0,3509.0,423,3510.0,343,152024,5330201050.0,1441639
2020-03-12 09:07:14.008000000,3509.0,3515.0,3496.0,3509.0,437,3510.0,303,152064,5331605000.0,1441615
2020-03-12 09:07:14.513000000,3510.0,3515.0,3496.0,3510.0,330,3511.0,549,152401,5343433680.0,1441700
2020-03-12 09:07:15.003000000,3510.0,3515.0,3496.0,3510.0,156,3511.0,467,152692,5353648370.0,1441676
2020-03-12 09:07:15.516000000,3511.0,3515.0,3496.0,3510.0,1,3511.0,125,153191,5371167370.0,1441901
2020-03-12 09:07:16.012000000,3511.0,3515.0,3496.0,3510.0,196,3511.0,141,153349,5376714130.0,1441846
2020-03-12 09:07:16.517000000,3511.0,3515.0,3496.0,3511.0,65,3512.0,818,153480,5381313600.0,1441759
2020-03-12 09:07:17.006000000,3510.0,3515.0,3496.0,3511.0,3,3512.0,819,153604,5385667250.0,1441771
2020-03-12 09:07:17.516000000,3511.0,3515.0,3496.0,3511.0,80,3512.0,849,153884,5395498120.0,1441709
2020-03-12 09:07:18.017000000,3510.0,3515.0,3496.0,3510.0,310,3511.0,38,154022,5400343240.0,1441621
2020-03-12 09:07:18.518000000,3511.0,3515.0,3496.0,3510.0,343,3511.0,18,154137,5404381000.0,1441661
2020-03-12 09:07:19.018000000,3511.0,3515.0,3496.0,3510.0,440,3511.0,4,154228,5407575920.0,1441652
2020-03-12 09:07:19.514000000,3511.0,3515.0,3496.0,3511.0,70,3512.0,871,154374,5412701990.0,1441627
2020-03-12 09:07:20.014000000,3512.0,3515.0,3496.0,3511.0,77,3512.0,863,154418,5414246920.0,1441607
2020-03-12 09:07:20.511000000,3511.0,3515.0,3496.0,3511.0,106,3512.0,872,154510,5417477290.0,1441533
2020-03-12 09:07:21.000000000,3511.0,3515.0,3496.0,3511.0,371,3512.0,837,154585,5420110960.0,1441493
2020-03-12 09:07:21.512000000,3511.0,3515.0,3496.0,3511.0,424,3512.0,828,154612,5421059030.0,1441503
2020-03-12 09:07:22.015000000,3512.0,3515.0,3496.0,3511.0,726,3512.0,756,154720,5424851400.0,1441510
2020-03-12 09:07:22.509000000,3512.0,3515.0,3496.0,3511.0,766,3512.0,704,154782,5427028640.0,1441509
2020-03-12 09:07:23.016000000,3512.0,3515.0,3496.0,3511.0,777,3512.0,703,154816,5428222650.0,1441502
2020-03-12 09:07:23.500000000,3511.0,3515.0,3496.0,3511.0,772,3512.0,158,155373,5447784420.0,1441298
2020-03-12 09:07:24.004000000,3512.0,3515.0,3496.0,3512.0,149,3513.0,594,155537,5453544110.0,1441372
2020-03-12 09:07:24.516000000,3512.0,3515.0,3496.0,3512.0,324,3513.0,594,155562,5454422110.0,1441370
2020-03-12 09:07:25.017000000,3512.0,3515.0,3496.0,3512.0,404,3513.0,612,155637,5457056470.0,1441368
2020-03-12 09:07:25.516000000,3513.0,3515.0,3496.0,3512.0,519,3513.0,227,156098,5473250670.0,1441382
2020-03-12 09:07:26.014000000,3513.0,3515.0,3496.0,3513.0,232,3514.0,601,156368,5482735880.0,1441546
2020-03-12 09:07:26.517000000,3514.0,3515.0,3496.0,3513.0,49,3514.0,634,156772,5496929510.0,1441475
2020-03-12 09:07:27.013000000,3513.0,3515.0,3496.0,3513.0,62,3515.0,945,158057,5542089730.0,1441630
2020-03-12 09:07:27.503000000,3515.0,3515.0,3496.0,3514.0,47,3515.0,814,158245,5548697270.0,1441688
2020-03-12 09:07:28.017000000,3515.0,3516.0,3496.0,3515.0,69,3516.0,613,159430,5590352350.0,1441745
2020-03-12 09:07:28.514000000,3516.0,3516.0,3496.0,3515.0,309,3516.0,405,159892,5606593740.0,1441641
2020-03-12 09:07:29.015000000,3515.0,3516.0,3496.0,3515.0,220,3516.0,221,160272,5619953710.0,1441521
2020-03-12 09:07:29.515000000,3515.0,3517.0,3496.0,3515.0,92,3517.0,512,160667,5633840340.0,1441615
2020-03-12 09:07:30.004000000,3516.0,3517.0,3496.0,3516.0,3,3517.0,553,160800,5638516280.0,1441633
2020-03-12 09:07:30.515000000,3516.0,3517.0,3496.0,3515.0,77,3516.0,2,161097,5648958830.0,1441635
2020-03-12 09:07:31.015000000,3515.0,3517.0,3496.0,3515.0,72,3516.0,89,161301,5656130340.0,1441672
2020-03-12 09:07:31.505000000,3515.0,3517.0,3496.0,3514.0,353,3515.0,43,161449,5661332780.0,1441645
2020-03-12 09:07:32.007000000,3515.0,3517.0,3496.0,3514.0,288,3515.0,93,161520,5663828390.0,1441619
2020-03-12 09:07:32.517000000,3514.0,3517.0,3496.0,3514.0,256,3515.0,12,161715,5670682290.0,1441665
2020-03-12 09:07:33.016000000,3515.0,3517.0,3496.0,3515.0,44,3516.0,416,161839,5675041620.0,1441586
2020-03-12 09:07:33.512000000,3515.0,3517.0,3496.0,3515.0,96,3516.0,291,162061,5682846540.0,1441657
2020-03-12 09:07:34.010000000,3515.0,3517.0,3496.0,3515.0,5,3516.0,210,162357,5693252170.0,1441727
2020-03-12 09:07:34.513000000,3515.0,3517.0,3496.0,3515.0,34,3516.0,173,162669,5704220230.0,1441646
2020-03-12 09:07:35.008000000,3516.0,3517.0,3496.0,3515.0,136,3516.0,221,162773,5707876110.0,1441707
2020-03-12 09:07:35.514000000,3516.0,3517.0,3496.0,3516.0,3,3517.0,787,163159,5721447990.0,1441876
2020-03-12 09:07:36.017000000,3517.0,3517.0,3496.0,3515.0,316,3517.0,776,163359,5728480040.0,1441954
2020-03-12 09:07:36.517000000,3516.0,3517.0,3496.0,3516.0,245,3517.0,500,163764,5742722150.0,1441936
2020-03-12 09:07:37.006000000,3517.0,3517.0,3496.0,3516.0,351,3517.0,283,163999,5750986560.0,1441780
2020-03-12 09:07:37.516000000,3516.0,3517.0,3496.0,3516.0,398,3517.0,298,164039,5752393110.0,1441766
2020-03-12 09:07:38.018000000,3517.0,3517.0,3496.0,3516.0,193,3517.0,7,164608,5772402550.0,1441715
2020-03-12 09:07:38.515000000,3517.0,3517.0,3496.0,3516.0,213,3517.0,68,164711,5776024100.0,1441687
2020-03-12 09:07:39.013000000,3517.0,3518.0,3496.0,3517.0,43,3518.0,743,165011,5786575870.0,1441769
2020-03-12 09:07:39.515000000,3517.0,3518.0,3496.0,3517.0,60,3518.0,815,165105,5789881890.0,1441769
2020-03-12 09:07:40.013000000,3517.0,3518.0,3496.0,3517.0,24,3518.0,532,165511,5804163940.0,1441878
2020-03-12 09:07:40.508000000,3518.0,3518.0,3496.0,3517.0,20,3518.0,500,165695,5810635570.0,1441992
2020-03-12 09:07:41.016000000,3517.0,3518.0,3496.0,3517.0,148,3518.0,110,166206,5828611530.0,1441865
2020-03-12 09:07:41.518000000,3518.0,3518.0,3496.0,3518.0,15,3519.0,1164,166377,5834627000.0,1441888
2020-03-12 09:07:42.017000000,3517.0,3518.0,3496.0,3517.0,311,3518.0,50,166553,5840818170.0,1441854
2020-03-12 09:07:42.502000000,3518.0,3518.0,3496.0,3517.0,203,3518.0,90,166704,5846129590.0,1441779
2020-03-12 09:07:43.015000000,3517.0,3518.0,3496.0,3517.0,153,3518.0,242,166907,5853270650.0,1441762
2020-03-12 09:07:43.518000000,3518.0,3518.0,3496.0,3517.0,173,3518.0,67,167204,5863718740.0,1441920
2020-03-12 09:07:44.010000000,3518.0,3518.0,3496.0,3517.0,241,3518.0,58,167272,5866110760.0,1441948
2020-03-12 09:07:44.505000000,3518.0,3518.0,3496.0,3518.0,32,3519.0,1229,167401,5870648680.0,1441917
2020-03-12 09:07:45.017000000,3518.0,3518.0,3496.0,3517.0,216,3518.0,72,167498,5874060970.0,1441962
2020-03-12 09:07:45.518000000,3517.0,3518.0,3496.0,3517.0,217,3518.0,55,167684,5880604290.0,1441941
2020-03-12 09:07:46.000000000,3518.0,3518.0,3496.0,3517.0,211,3518.0,96,167726,5882081730.0,1441943
2020-03-12 09:07:46.517000000,3518.0,3518.0,3496.0,3517.0,105,3518.0,160,167913,5888659280.0,1441940
2020-03-12 09:07:47.010000000,3517.0,3518.0,3496.0,3516.0,363,3517.0,112,168122,5896009760.0,1441923
2020-03-12 09:07:47.509000000,3517.0,3518.0,3496.0,3516.0,260,3517.0,432,168240,5900159180.0,1441900
2020-03-12 09:07:48.014000000,3517.0,3518.0,3496.0,3516.0,15,3517.0,321,168696,5916193400.0,1441883
2020-03-12 09:07:48.508000000,3516.0,3518.0,3496.0,3515.0,347,3516.0,231,168927,5924317060.0,1441955
2020-03-12 09:07:49.013000000,3516.0,3518.0,3496.0,3515.0,395,3516.0,15,169172,5932931080.0,1441957
2020-03-12 09:07:49.512000000,3516.0,3518.0,3496.0,3516.0,22,3517.0,209,169243,5935427660.0,1441957
2020-03-12 09:07:50.015000000,3517.0,3518.0,3496.0,3516.0,116,3517.0,216,169282,5936799080.0,1441955
2020-03-12 09:07:50.518000000,3516.0,3518.0,3496.0,3516.0,108,3517.0,201,169336,5938697810.0,1441951
2020-03-12 09:07:51.017000000,3517.0,3518.0,3496.0,3516.0,209,3517.0,208,169372,5939963660.0,1441961
2020-03-12 09:07:51.517000000,3516.0,3518.0,3496.0,3516.0,200,3517.0,214,169458,5942987980.0,1441994
2020-03-12 09:07:52.002000000,3516.0,3518.0,3496.0,3516.0,67,3517.0,217,169600,5947980760.0,1442043
2020-03-12 09:07:52.518000000,3516.0,3518.0,3496.0,3516.0,145,3517.0,2,170060,5964159180.0,1442174
2020-03-12 09:07:53.010000000,3517.0,3518.0,3496.0,3517.0,131,3518.0,1095,170113,5966023190.0,1442195
2020-03-12 09:07:53.517000000,3517.0,3518.0,3496.0,3517.0,26,3518.0,1106,170225,5969962240.0,1442197
2020-03-12 09:07:54.004000000,3517.0,3518.0,3496.0,3516.0,170,3517.0,414,170485,5979105600.0,1442277
2020-03-12 09:07:54.514000000,3517.0,3518.0,3496.0,3516.0,59,3517.0,453,170610,5983500670.0,1442182
2020-03-12 09:07:55.017000000,3516.0,3518.0,3496.0,3516.0,100,3517.0,610,170693,5986419050.0,1442197
2020-03-12 09:07:55.508000000,3516.0,3518.0,3496.0,3516.0,46,3517.0,789,170763,5988880310.0,1442216
2020-03-12 09:07:56.000000000,3517.0,3518.0,3496.0,3516.0,28,3517.0,743,170926,5994612270.0,1442273
2020-03-12 09:07:56.500000000,3517.0,3518.0,3496.0,3516.0,90,3517.0,704,170981,5996546260.0,1442284
2020-03-12 09:07:57.015000000,3516.0,3518.0,3496.0,3516.0,48,3517.0,210,171635,6019546090.0,1442129
2020-03-12 09:07:57.516000000,3517.0,3518.0,3496.0,3517.0,435,3518.0,848,171869,6027776010.0,1442309
2020-03-12 09:07:58.016000000,3517.0,3518.0,3496.0,3517.0,529,3518.0,805,171938,6030202740.0,1442350
2020-03-12 09:07:58.512000000,3517.0,3518.0,3496.0,3517.0,569,3518.0,755,172034,6033579280.0,1442406
2020-03-12 09:07:59.000000000,3517.0,3518.0,3496.0,3517.0,818,3518.0,677,172088,6035478660.0,1442428
2020-03-12 09:07:59.506000000,3518.0,3519.0,3496.0,3518.0,150,3519.0,1227,172821,6061265560.0,1442885
2020-03-12 09:08:00.007000000,3518.0,3519.0,3496.0,3518.0,191,3519.0,1161,172982,6066929640.0,1442912
2020-03-12 09:08:00.514000000,3518.0,3519.0,3496.0,3518.0,175,3519.0,1168,173158,6073121460.0,1442856
2020-03-12 09:08:01.016000000,3519.0,3519.0,3496.0,3518.0,667,3519.0,1176,173221,6075338120.0,1442871
2020-03-12 09:08:01.512000000,3518.0,3519.0,3496.0,3518.0,660,3519.0,1019,173467,6083993920.0,1443013
2020-03-12 09:08:02.017000000,3518.0,3519.0,3496.0,3518.0,651,3519.0,828,173782,6095078040.0,1442933
2020-03-12 09:08:02.517000000,3518.0,3520.0,3496.0,3519.0,282,3520.0,2427,174638,6125200170.0,1442407
2020-03-12 09:08:03.016000000,3519.0,3520.0,3496.0,3519.0,301,3520.0,2445,174668,6126255890.0,1442401
2020-03-12 09:08:03.515000000,3518.0,3520.0,3496.0,3519.0,2,3520.0,1783,175918,6170248110.0,1442382
2020-03-12 09:08:04.011000000,3519.0,3520.0,3496.0,3518.0,482,3519.0,1,176145,6178236350.0,1442365
2020-03-12 09:08:04.511000000,3519.0,3520.0,3496.0,3518.0,451,3519.0,15,176383,6186611590.0,1442313
2020-03-12 09:08:05.002000000,3520.0,3520.0,3496.0,3519.0,151,3520.0,1701,176582,6193614340.0,1442343
2020-03-12 09:08:05.518000000,3519.0,3520.0,3496.0,3518.0,410,3519.0,326,177099,6211808760.0,1442144
2020-03-12 09:08:06.017000000,3519.0,3520.0,3496.0,3518.0,363,3519.0,105,177466,6224723310.0,1442154
2020-03-12 09:08:06.518000000,3519.0,3520.0,3496.0,3518.0,366,3519.0,204,177513,6226377110.0,1442174
2020-03-12 09:08:07.000000000,3520.0,3520.0,3496.0,3519.0,135,3520.0,2166,177757,6234963430.0,1442379
2020-03-12 09:08:07.515000000,3519.0,3520.0,3496.0,3519.0,54,3520.0,2172,177877,6239186390.0,1442414
2020-03-12 09:08:08.013000000,3519.0,3520.0,3496.0,3518.0,364,3519.0,35,178008,6243796080.0,1442364
2020-03-12 09:08:08.500000000,3519.0,3520.0,3496.0,3519.0,439,3520.0,2328,178128,6248018680.0,1442368
2020-03-12 09:08:09.008000000,3519.0,3520.0,3496.0,3519.0,389,3520.0,2319,178209,6250869260.0,1442364
2020-03-12 09:08:09.516000000,3520.0,3520.0,3496.0,3519.0,225,3520.0,2297,178462,6259772520.0,1442205
2020-03-12 09:08:10.016000000,3519.0,3520.0,3496.0,3518.0,875,3519.0,32,178794,6271455680.0,1442096
2020-03-12 09:08:10.502000000,3519.0,3520.0,3496.0,3518.0,884,3519.0,47,178954,6277086060.0,1442059
2020-03-12 09:08:11.008000000,3518.0,3520.0,3496.0,3518.0,839,3519.0,73,179047,6280358050.0,1442110
2020-03-12 09:08:11.501000000,3518.0,3520.0,3496.0,3518.0,824,3519.0,74,179172,6284756530.0,1442161
2020-03-12 09:08:12.003000000,3519.0,3520.0,3496.0,3518.0,823,3519.0,13,179381,6292111070.0,1442147
2020-03-12 09:08:12.517000000,3519.0,3520.0,3496.0,3519.0,20,3520.0,2505,179461,6294926100.0,1442196
2020-03-12 09:08:13.015000000,3518.0,3520.0,3496.0,3518.0,807,3520.0,2477,179567,6298656620.0,1442255
2020-03-12 09:08:13.518000000,3518.0,3520.0,3496.0,3518.0,795,3519.0,113,179609,6300134350.0,1442272
2020-03-12 09:08:14.009000000,3519.0,3520.0,3496.0,3518.0,788,3519.0,44,179710,6303688320.0,1442262
2020-03-12 09:08:14.505000000,3518.0,3520.0,3496.0,3518.0,843,3519.0,44,179762,6305517870.0,1442290
2020-03-12 09:08:15.000000000,3519.0,3520.0,3496.0,3519.0,45,3520.0,2131,180353,6326320090.0,1441956
2020-03-12 09:08:15.511000000,3519.0,3520.0,3496.0,3519.0,360,3520.0,2121,180449,6329698450.0,1442007
2020-03-12 09:08:16.013000000,3519.0,3520.0,3496.0,3519.0,333,3520.0,2123,180534,6332689610.0,1442038
2020-03-12 09:08:16.507000000,3519.0,3520.0,3496.0,3519.0,235,3520.0,1610,181196,6355991010.0,1442613
2020-03-12 09:08:17.004000000,3519.0,3520.0,3496.0,3519.0,248,3520.0,1445,181478,6365915800.0,1442688
2020-03-12 09:08:17.517000000,3519.0,3520.0,3496.0,3519.0,479,3520.0,1188,181909,6381085690.0,1442822
2020-03-12 09:08:18.018000000,3520.0,3520.0,3496.0,3519.0,507,3520.0,708,182513,6402345000.0,1443320
2020-03-12 09:08:18.516000000,3520.0,3520.0,3496.0,3520.0,329,3521.0,865,183412,6433989800.0,1443713
